18186423,0.26430000,1085.10000000,286.79193000,1688428800017,False,True
18186424,0.26430000,195.00000000,51.53850000,1688428800097,False,True
18186425,0.26420000,79.10000000,20.89822000,1688428800432,True,True
18186426,0.26420000,488.70000000,129.11454000,1688428800436,True,True
18186427,0.26420000,56.70000000,14.98014000,1688428800436,True,True
18186428,0.26420000,967.60000000,255.63992000,1688428800436,True,True
18186429,0.26420000,907.80000000,239.84076000,1688428800436,True,True
18186430,0.26420000,757.00000000,199.99940000,1688428800464,False,True
18186431,0.26430000,458.30000000,121.12869000,1688428800464,False,True
18186432,0.26430000,210.00000000,55.50300000,1688428800464,False,True
18186433,0.26530000,352.20000000,93.43866000,1688428800464,False,True
18186434,0.26540000,113.30000000,30.06982000,1688428800464,False,True
18186435,0.26540000,365.50000000,97.00370000,1688428800464,False,True
18186436,0.26550000,4000.00000000,1062.00000000,1688428800464,False,True
18186437,0.26560000,156.70000000,41.61952000,1688428800464,False,True
18186438,0.26560000,352.20000000,93.54432000,1688428800464,False,True
18186439,0.26570000,1135.80000000,301.78206000,1688428800464,False,True
18186440,0.26570000,300.10000000,79.73657000,1688428800464,False,True
18186441,0.26570000,300.10000000,79.73657000,1688428800464,False,True
18186442,0.26570000,300.10000000,79.73657000,1688428800464,False,True
18186443,0.26570000,300.10000000,79.73657000,1688428800464,False,True
18186444,0.26570000,300.10000000,79.73657000,1688428800464,False,True
18186445,0.26570000,300.10000000,79.73657000,1688428800464,False,True
18186446,0.26570000,300.10000000,79.73657000,1688428800464,False,True
18186447,0.26570000,300.10000000,79.73657000,1688428800464,False,True
18186448,0.26570000,300.10000000,79.73657000,1688428800464,False,True
18186449,0.26570000,299.60000000,79.60372000,1688428800464,False,True
18186450,0.26580000,196.70000000,52.28286000,1688428800464,False,True
18186451,0.26580000,365.50000000,97.14990000,1688428800464,False,True
18186452,0.26590000,965.50000000,256.72645000,1688428800464,False,True
18186453,0.26600000,231.00000000,61.44600000,1688428800464,False,True
18186454,0.26610000,7463.40000000,1986.01074000,1688428800464,False,True
18186455,0.26620000,8909.50000000,2371.70890000,1688428800464,False,True
18186456,0.26410000,78.00000000,20.59980000,1688428800489,True,True
18186457,0.26410000,354.00000000,93.49140000,1688428800491,True,True
18186458,0.26430000,78.40000000,20.72112000,1688428800699,True,True
18186459,0.26430000,489.10000000,129.26913000,1688428800702,True,True
18186460,0.26420000,78.10000000,20.63402000,1688428800743,True,True
18186461,0.26420000,353.40000000,93.36828000,1688428801076,True,True
18186462,0.26410000,353.40000000,93.33294000,1688428801076,True,True
18186463,0.26410000,50.00000000,13.20500000,1688428801076,True,True
18186464,0.26410000,1251.00000000,330.38910000,1688428801076,True,True
18186465,0.26410000,50.00000000,13.20500000,1688428801076,True,True
18186466,0.26400000,238.10000000,62.85840000,1688428801076,True,True
18186467,0.26400000,193.50000000,51.08400000,1688428801076,True,True
18186468,0.26400000,38.80000000,10.24320000,1688428801076,True,True
18186469,0.26400000,230.90000000,60.95760000,1688428801076,True,True
18186470,0.26400000,50.00000000,13.20000000,1688428801076,True,True
18186471,0.26400000,50.00000000,13.20000000,1688428801076,True,True
18186472,0.26400000,50.00000000,13.20000000,1688428801076,True,True
18186473,0.26390000,378.20000000,99.80698000,1688428801076,True,True
18186474,0.26390000,1323.90000000,349.37721000,1688428801076,True,True
18186475,0.26390000,378.20000000,99.80698000,1688428801076,True,True
18186476,0.26390000,378.20000000,99.80698000,1688428801076,True,True
18186477,0.26390000,4000.00000000,1055.60000000,1688428801076,True,True
18186478,0.26390000,50.00000000,13.19500000,1688428801076,True,True
18186479,0.26390000,50.00000000,13.19500000,1688428801076,True,True
18186480,0.26380000,365.50000000,96.41890000,1688428801076,True,True
18186481,0.26370000,595.70000000,157.08609000,1688428801076,True,True
18186482,0.26360000,38.40000000,10.12224000,1688428801076,True,True
18186483,0.26360000,661.60000000,174.39776000,1688428801076,True,True
18186484,0.26360000,193.70000000,51.05932000,1688428801076,True,True
18186485,0.26350000,89.00000000,23.45150000,1688428801076,True,True
18186486,0.26350000,589.70000000,155.38595000,1688428801076,True,True
18186487,0.26340000,129.10000000,34.00494000,1688428801076,True,True
18186488,0.26340000,577.80000000,152.19252000,1688428801076,True,True
18186489,0.26340000,3348.00000000,881.86320000,1688428801076,True,True
18186490,0.26330000,114.10000000,30.04253000,1688428801076,True,True
18186491,0.26320000,626.80000000,164.97376000,1688428801076,True,True
18186492,0.26320000,5890.50000000,1550.37960000,1688428801076,True,True
18186493,0.26320000,5334.50000000,1404.04040000,1688428801076,True,True
18186494,0.26320000,5424.40000000,1427.70208000,1688428801076,True,True
18186495,0.26320000,4735.70000000,1246.43624000,1688428801076,True,True
18186496,0.26400000,79.10000000,20.88240000,1688428801090,True,True
18186497,0.26410000,353.50000000,93.35935000,1688428801163,True,True
18186498,0.26400000,324.90000000,85.77360000,1688428801163,True,True
18186499,0.26480000,78.40000000,20.76032000,1688428801337,False,True
18186500,0.26490000,184.50000000,48.87405000,1688428801337,False,True
18186501,0.26430000,494.80000000,130.77564000,1688428801461,False,True
18186502,0.26440000,210.00000000,55.52400000,1688428801461,False,True
18186503,0.26490000,230.90000000,61.16541000,1688428801461,False,True
18186504,0.26490000,89.00000000,23.57610000,1688428801461,False,True
18186505,0.26500000,575.00000000,152.37500000,1688428801461,False,True
18186506,0.26510000,567.80000000,150.52378000,1688428801461,False,True
18186507,0.26520000,886.40000000,235.07328000,1688428801461,False,True
18186508,0.26540000,353.50000000,93.81890000,1688428801461,False,True
18186509,0.26540000,1251.50000000,332.14810000,1688428801461,False,True
18186510,0.26540000,71.60000000,19.00264000,1688428801461,False,True
18186511,0.26550000,4000.00000000,1062.00000000,1688428801461,False,True
18186512,0.26590000,114.10000000,30.33919000,1688428801461,False,True
18186513,0.26600000,195.90000000,52.10940000,1688428801461,False,True
18186514,0.26610000,37.90000000,10.08519000,1688428801461,False,True
18186515,0.26610000,37.90000000,10.08519000,1688428801461,False,True
18186516,0.26610000,37.90000000,10.08519000,1688428801461,False,True
18186517,0.26610000,132.40000000,35.23164000,1688428801461,False,True
18186518,0.26610000,37.90000000,10.08519000,1688428801461,False,True
18186519,0.26610000,37.90000000,10.08519000,1688428801461,False,True
18186520,0.26610000,37.90000000,10.08519000,1688428801461,False,True
18186521,0.26610000,132.40000000,35.23164000,1688428801461,False,True
18186522,0.26610000,37.90000000,10.08519000,1688428801461,False,True
18186523,0.26610000,37.90000000,10.08519000,1688428801461,False,True
18186524,0.26610000,37.90000000,10.08519000,1688428801461,False,True
18186525,0.26610000,132.40000000,35.23164000,1688428801461,False,True
18186526,0.26610000,37.90000000,10.08519000,1688428801461,False,True
18186527,0.26610000,37.90000000,10.08519000,1688428801461,False,True
18186528,0.26610000,37.90000000,10.08519000,1688428801461,False,True
18186529,0.26610000,132.40000000,35.23164000,1688428801461,False,True
18186530,0.26610000,37.90000000,10.08519000,1688428801461,False,True
18186531,0.26610000,37.90000000,10.08519000,1688428801461,False,True
18186532,0.26610000,37.90000000,10.08519000,1688428801461,False,True
18186533,0.26610000,132.40000000,35.23164000,1688428801461,False,True
18186534,0.26610000,37.90000000,10.08519000,1688428801461,False,True
18186535,0.26610000,37.90000000,10.08519000,1688428801461,False,True
18186536,0.26610000,37.90000000,10.08519000,1688428801461,False,True
18186537,0.26610000,132.40000000,35.23164000,1688428801461,False,True
18186538,0.26610000,37.90000000,10.08519000,1688428801461,False,True
18186539,0.26610000,37.90000000,10.08519000,1688428801461,False,True
18186540,0.26610000,37.90000000,10.08519000,1688428801461,False,True
18186541,0.26610000,132.40000000,35.23164000,1688428801461,False,True
18186542,0.26610000,37.90000000,10.08519000,1688428801461,False,True
18186543,0.26610000,37.90000000,10.08519000,1688428801461,False,True
18186544,0.26610000,37.90000000,10.08519000,1688428801461,False,True
18186545,0.26610000,132.40000000,35.23164000,1688428801461,False,True
18186546,0.26610000,37.90000000,10.08519000,1688428801461,False,True
18186547,0.26610000,37.90000000,10.08519000,1688428801461,False,True
18186548,0.26610000,37.90000000,10.08519000,1688428801461,False,True
18186549,0.26610000,132.40000000,35.23164000,1688428801461,False,True
18186550,0.26610000,37.10000000,9.87231000,1688428801461,False,True
18186551,0.26610000,37.10000000,9.87231000,1688428801461,False,True
18186552,0.26610000,37.10000000,9.87231000,1688428801461,False,True
18186553,0.26610000,132.30000000,35.20503000,1688428801461,False,True
18186554,0.26500000,41.50000000,10.99750000,1688428801491,False,True
18186555,0.26430000,567.50000000,149.99025000,1688428801577,True,True
18186556,0.26420000,230.80000000,60.97736000,1688428801577,True,True
18186557,0.26420000,377.80000000,99.81476000,1688428801577,True,True
18186558,0.26420000,261.40000000,69.06188000,1688428801577,True,True
18186559,0.26440000,88.60000000,23.42584000,1688428801602,True,True
18186560,0.26420000,92.40000000,24.41208000,1688428801602,True,True
18186561,0.26420000,241.40000000,63.77788000,1688428801602,True,True
18186562,0.26480000,66.20000000,17.52976000,1688428802068,False,True
18186563,0.26490000,4.90000000,1.29801000,1688428802068,False,True
18186564,0.26460000,1053.00000000,278.62380000,1688428802170,False,True
18186565,0.26500000,195.00000000,51.67500000,1688428802271,False,True
18186566,0.26510000,353.20000000,93.63332000,1688428802271,False,True
18186567,0.26520000,195.00000000,51.71400000,1688428802271,False,True
18186568,0.26520000,158.20000000,41.95464000,1688428802271,False,True
18186569,0.26530000,230.80000000,61.23124000,1688428802271,False,True
18186570,0.26530000,25.60000000,6.79168000,1688428802271,False,True
18186571,0.26460000,509.80000000,134.89308000,1688428802461,False,True
18186572,0.26480000,210.00000000,55.60800000,1688428802461,False,True
18186573,0.26490000,88.60000000,23.47014000,1688428802461,False,True
18186574,0.26540000,2531.80000000,671.93972000,1688428802461,False,True
18186575,0.26560000,353.20000000,93.80992000,1688428802461,False,True
18186576,0.26570000,300.10000000,79.73657000,1688428802461,False,True
18186577,0.26570000,300.10000000,79.73657000,1688428802461,False,True
18186578,0.26570000,300.10000000,79.73657000,1688428802461,False,True
18186579,0.26570000,300.10000000,79.73657000,1688428802461,False,True
18186580,0.26570000,300.10000000,79.73657000,1688428802461,False,True
18186581,0.26570000,300.10000000,79.73657000,1688428802461,False,True
18186582,0.26570000,300.10000000,79.73657000,1688428802461,False,True
18186583,0.26570000,300.10000000,79.73657000,1688428802461,False,True
18186584,0.26570000,300.10000000,79.73657000,1688428802461,False,True
18186585,0.26570000,299.60000000,79.60372000,1688428802461,False,True
18186586,0.26580000,1135.00000000,301.68300000,1688428802461,False,True
18186587,0.26590000,195.00000000,51.85050000,1688428802461,False,True
18186588,0.26590000,158.20000000,42.06538000,1688428802461,False,True
18186589,0.26600000,196.80000000,52.34880000,1688428802461,False,True
18186590,0.26600000,353.20000000,93.95120000,1688428802461,False,True
18186591,0.26600000,78.10000000,20.77460000,1688428802461,False,True
18186592,0.26620000,4000.00000000,1064.80000000,1688428802461,False,True
18186593,0.26630000,956.00000000,254.58280000,1688428802461,False,True
18186594,0.26640000,95.70000000,25.49448000,1688428802461,False,True
18186595,0.26640000,786.70000000,209.57688000,1688428802461,False,True
18186596,0.26640000,37.80000000,10.06992000,1688428802461,False,True
18186597,0.26640000,37.80000000,10.06992000,1688428802461,False,True
18186598,0.26640000,37.80000000,10.06992000,1688428802461,False,True
18186599,0.26640000,37.80000000,10.06992000,1688428802461,False,True
18186600,0.26640000,37.80000000,10.06992000,1688428802461,False,True
18186601,0.26640000,37.80000000,10.06992000,1688428802461,False,True
18186602,0.26640000,37.80000000,10.06992000,1688428802461,False,True
18186603,0.26640000,37.80000000,10.06992000,1688428802461,False,True
18186604,0.26640000,37.80000000,10.06992000,1688428802461,False,True
18186605,0.26640000,37.60000000,10.01664000,1688428802461,False,True
18186606,0.26490000,755.00000000,199.99950000,1688428802694,True,True
18186607,0.26590000,38.80000000,10.31692000,1688428802880,False,True
18186608,0.26590000,247.90000000,65.91661000,1688428802880,False,True
18186609,0.26640000,247.20000000,65.85408000,1688428802880,False,True
18186610,0.26510000,88.60000000,23.48786000,1688428802937,True,True
18186611,0.26500000,233.40000000,61.85100000,1688428802937,True,True
18186612,0.26630000,45.40000000,12.09002000,1688428803332,False,True
18186613,0.26450000,353.20000000,93.42140000,1688428803370,True,True
18186614,0.26440000,213.10000000,56.34364000,1688428803370,True,True
18186615,0.26460000,44.90000000,11.88054000,1688428803454,True,True
18186616,0.26460000,34.70000000,9.18162000,1688428803454,True,True
18186617,0.26480000,460.80000000,122.01984000,1688428803462,False,True
18186618,0.26500000,210.00000000,55.65000000,1688428803462,False,True
18186619,0.26630000,43.20000000,11.50416000,1688428803462,False,True
18186620,0.26640000,3752.80000000,999.74592000,1688428803462,False,True
18186621,0.26640000,1445.70000000,385.13448000,1688428803462,False,True
18186622,0.26650000,610.30000000,162.64495000,1688428803462,False,True
18186623,0.26650000,38.00000000,10.12700000,1688428803462,False,True
18186624,0.26650000,221.30000000,58.97645000,1688428803462,False,True
18186625,0.26660000,167.10000000,44.54886000,1688428803462,False,True
18186626,0.26660000,166.80000000,44.46888000,1688428803462,False,True
18186627,0.26670000,46.90000000,12.50823000,1688428803462,False,True
18186628,0.26680000,128.30000000,34.23044000,1688428803462,False,True
18186629,0.26680000,6586.30000000,1757.22484000,1688428803462,False,True
18186630,0.26690000,490.40000000,130.88776000,1688428803462,False,True
18186631,0.26690000,167.30000000,44.65237000,1688428803462,False,True
18186632,0.26690000,1251.50000000,334.02535000,1688428803462,False,True
18186633,0.26690000,50.00000000,13.34500000,1688428803462,False,True
18186634,0.26690000,18917.90000000,5049.18751000,1688428803462,False,True
18186635,0.26700000,273.50000000,73.02450000,1688428803462,False,True
18186636,0.26700000,500.00000000,133.50000000,1688428803462,False,True
18186637,0.26700000,7551.40000000,2016.22380000,1688428803462,False,True
18186638,0.26710000,3697.70000000,987.65567000,1688428803462,False,True
18186639,0.26710000,423.40000000,113.09014000,1688428803462,False,True
18186640,0.26710000,245.20000000,65.49292000,1688428803472,False,True
18186641,0.26710000,1805.10000000,482.14221000,1688428803472,False,True
18186642,0.26470000,352.30000000,93.25381000,1688428803481,True,True
18186643,0.26490000,1771.70000000,469.32333000,1688428803526,True,True
18186644,0.26490000,169.20000000,44.82108000,1688428803546,True,True
18186645,0.26500000,411.60000000,109.07400000,1688428803562,True,True
18186646,0.26500000,78.10000000,20.69650000,1688428803568,True,True
18186647,0.26520000,501.30000000,132.94476000,1688428803678,True,True
18186648,0.26520000,64.30000000,17.05236000,1688428803770,True,True
18186649,0.26520000,935.70000000,248.14764000,1688428803770,True,True
18186650,0.26530000,173.40000000,46.00302000,1688428803850,True,True
18186651,0.26530000,334.90000000,88.84897000,1688428803872,True,True
18186652,0.26530000,73.00000000,19.36690000,1688428803891,True,True
18186653,0.26540000,123.20000000,32.69728000,1688428803965,True,True
18186654,0.26520000,744.50000000,197.44140000,1688428803965,True,True
18186655,0.26540000,76.00000000,20.17040000,1688428804032,True,True
18186656,0.26540000,81.20000000,21.55048000,1688428804037,True,True
18186657,0.26540000,50.00000000,13.27000000,1688428804037,True,True
18186658,0.26540000,50.00000000,13.27000000,1688428804037,True,True
18186659,0.26540000,50.00000000,13.27000000,1688428804037,True,True
18186660,0.26530000,50.00000000,13.26500000,1688428804037,True,True
18186661,0.26510000,563.80000000,149.46338000,1688428804037,True,True
18186662,0.26500000,281.40000000,74.57100000,1688428804037,True,True
18186663,0.26520000,76.90000000,20.39388000,1688428804104,True,True
18186664,0.26520000,60.20000000,15.96504000,1688428804119,True,True
18186665,0.26540000,56.40000000,14.96856000,1688428804302,True,True
18186666,0.26520000,428.50000000,113.63820000,1688428804365,True,True
18186667,0.26510000,141.00000000,37.37910000,1688428804411,True,True
18186668,0.26510000,80.00000000,21.20800000,1688428804416,True,True
18186669,0.26510000,130.90000000,34.70159000,1688428804471,True,True
18186670,0.26510000,25.10000000,6.65401000,1688428804471,True,True
18186671,0.26510000,116.50000000,30.88415000,1688428804513,True,True
18186672,0.26510000,211.00000000,55.93610000,1688428804513,True,True
18186673,0.26500000,101.00000000,26.76500000,1688428804513,True,True
18186674,0.26500000,50.00000000,13.25000000,1688428804796,True,True
18186675,0.26500000,50.00000000,13.25000000,1688428804796,True,True
18186676,0.26500000,50.00000000,13.25000000,1688428804796,True,True
18186677,0.26490000,97.00000000,25.69530000,1688428804796,True,True
18186678,0.26500000,352.70000000,93.46550000,1688428804872,True,True
18186679,0.26490000,3991.50000000,1057.34835000,1688428804872,True,True
18186680,0.26480000,104.60000000,27.69808000,1688428804872,True,True
18186681,0.26480000,352.70000000,93.39496000,1688428804874,True,True
18186682,0.26470000,352.70000000,93.35969000,1688428804874,True,True
18186683,0.26460000,352.70000000,93.32442000,1688428804881,True,True
18186684,0.26450000,210.00000000,55.54500000,1688428804881,True,True
18186685,0.26440000,13.90000000,3.67516000,1688428804881,True,True
18186686,0.26440000,352.30000000,93.14812000,1688428804881,True,True
18186687,0.26440000,192.20000000,50.81768000,1688428804881,True,True
18186688,0.26440000,845.30000000,223.49732000,1688428804881,True,True
18186689,0.26510000,318.60000000,84.46086000,1688428804926,False,True
18186690,0.26520000,343.50000000,91.09620000,1688428804926,False,True
18186691,0.26520000,128.60000000,34.10472000,1688428804944,False,True
18186692,0.26530000,1068.10000000,283.36693000,1688428804944,False,True
18186693,0.26570000,64.80000000,17.21736000,1688428804977,False,True
18186694,0.26530000,56.60000000,15.01598000,1688428805025,True,True
18186695,0.26430000,150.00000000,39.64500000,1688428805059,True,True
18186696,0.26430000,150.00000000,39.64500000,1688428805062,True,True
18186697,0.26430000,150.00000000,39.64500000,1688428805064,True,True
18186698,0.26430000,76.00000000,20.08680000,1688428805071,True,True
18186699,0.26430000,41.50000000,10.96845000,1688428805137,True,True
18186700,0.26430000,71.80000000,18.97674000,1688428805137,True,True
18186701,0.26420000,36.70000000,9.69614000,1688428805137,True,True
18186702,0.26520000,377.00000000,99.98040000,1688428805211,False,True
18186703,0.26470000,71.10000000,18.82017000,1688428805274,True,True
18186704,0.26460000,7.30000000,1.93158000,1688428805274,True,True
18186705,0.26480000,461.70000000,122.25816000,1688428805479,True,True
18186706,0.26480000,79.40000000,21.02512000,1688428805499,True,True
18186707,0.26480000,78.60000000,20.81328000,1688428805567,True,True
18186708,0.26480000,78.50000000,20.78680000,1688428805598,True,True
18186709,0.26480000,306.00000000,81.02880000,1688428805700,True,True
18186710,0.26480000,178.30000000,47.21384000,1688428805737,True,True
18186711,0.26480000,97.00000000,25.68560000,1688428805737,True,True
18186712,0.26470000,202.80000000,53.68116000,1688428805737,True,True
18186713,0.26480000,1131.90000000,299.72712000,1688428805777,True,True
18186714,0.26480000,204.10000000,54.04568000,1688428805881,True,True
18186715,0.26480000,190.00000000,50.31200000,1688428805881,True,True
18186716,0.26470000,737.60000000,195.24272000,1688428805881,True,True
18186717,0.26480000,371.00000000,98.24080000,1688428805947,True,True
18186718,0.26480000,319.20000000,84.52416000,1688428805960,True,True
18186719,0.26480000,145.40000000,38.50192000,1688428805977,True,True
18186720,0.26480000,78.10000000,20.68088000,1688428806028,True,True
18186721,0.26480000,51.90000000,13.74312000,1688428806307,True,True
18186722,0.26470000,26.20000000,6.93514000,1688428806307,True,True
18186723,0.26480000,47.00000000,12.44560000,1688428806447,True,True
18186724,0.26470000,30.60000000,8.09982000,1688428806447,True,True
18186725,0.26470000,1909.60000000,505.47112000,1688428806912,True,True
18186726,0.26470000,4679.90000000,1238.76953000,1688428806922,True,True
18186727,0.26470000,50.00000000,13.23500000,1688428806922,True,True
18186728,0.26470000,50.00000000,13.23500000,1688428806922,True,True
18186729,0.26470000,50.00000000,13.23500000,1688428806922,True,True
18186730,0.26470000,50.00000000,13.23500000,1688428806922,True,True
18186731,0.26450000,210.00000000,55.54500000,1688428806937,True,True
18186732,0.26420000,78.70000000,20.79254000,1688428807160,True,True
18186733,0.26450000,56.70000000,14.99715000,1688428807260,True,True
18186734,0.26420000,56.80000000,15.00656000,1688428807260,True,True
18186735,0.26420000,78.50000000,20.73970000,1688428807361,True,True
18186736,0.26460000,46.90000000,12.40974000,1688428807850,False,True
18186737,0.26460000,167.30000000,44.26758000,1688428807851,False,True
18186738,0.26460000,139.20000000,36.83232000,1688428807852,False,True
18186739,0.26470000,1112.30000000,294.42581000,1688428807852,False,True
18186740,0.26440000,77.70000000,20.54388000,1688428807977,True,True
18186741,0.26460000,56.70000000,15.00282000,1688428808007,True,True
18186742,0.26440000,22.80000000,6.02832000,1688428808007,True,True
18186743,0.26440000,77.60000000,20.51744000,1688428808974,True,True
18186744,0.26470000,195.90000000,51.85473000,1688428810028,False,True
18186745,0.26470000,157.80000000,41.76966000,1688428810050,False,True
18186746,0.26470000,33.90000000,8.97333000,1688428810050,False,True
18186747,0.26470000,156.10000000,41.31967000,1688428810143,False,True
18186748,0.26470000,36.70000000,9.71449000,1688428810143,False,True
18186749,0.26460000,195.50000000,51.72930000,1688428810177,False,True
18186750,0.26460000,158.10000000,41.83326000,1688428810228,False,True
18186751,0.26460000,37.00000000,9.79020000,1688428810228,False,True
18186752,0.26460000,158.50000000,41.93910000,1688428810541,False,True
18186753,0.26460000,37.50000000,9.92250000,1688428810541,False,True
18186754,0.26460000,157.60000000,41.70096000,1688428810586,False,True
18186755,0.26460000,39.10000000,10.34586000,1688428810586,False,True
18186756,0.26440000,100.20000000,26.49288000,1688428810910,True,True
18186757,0.26440000,50.00000000,13.22000000,1688428811355,True,True
18186758,0.26440000,50.00000000,13.22000000,1688428811355,True,True
18186759,0.26440000,50.00000000,13.22000000,1688428811355,True,True
18186760,0.26440000,50.00000000,13.22000000,1688428811355,True,True
18186761,0.26440000,50.00000000,13.22000000,1688428811355,True,True
18186762,0.26440000,50.00000000,13.22000000,1688428811355,True,True
18186763,0.26440000,50.00000000,13.22000000,1688428811355,True,True
18186764,0.26430000,3476.10000000,918.73323000,1688428811359,True,True
18186765,0.26430000,38.30000000,10.12269000,1688428811359,True,True
18186766,0.26430000,171.70000000,45.38031000,1688428811372,True,True
18186767,0.26430000,195.60000000,51.69708000,1688428811372,True,True
18186768,0.26430000,194.00000000,51.27420000,1688428811372,True,True
18186769,0.26410000,46.00000000,12.14860000,1688428811532,True,True
18186770,0.26410000,306.00000000,80.81460000,1688428812418,True,True
18186771,0.26410000,210.00000000,55.46100000,1688428813072,True,True
18186772,0.26410000,56.70000000,14.97447000,1688428813072,True,True
18186773,0.26410000,2270.40000000,599.61264000,1688428815299,True,True
18186774,0.26410000,3310.90000000,874.40869000,1688428815335,True,True
18186775,0.26410000,66.30000000,17.50983000,1688428815338,True,True
18186776,0.26410000,50.00000000,13.20500000,1688428815338,True,True
18186777,0.26410000,50.00000000,13.20500000,1688428815338,True,True
18186778,0.26410000,50.00000000,13.20500000,1688428815338,True,True
18186779,0.26410000,50.00000000,13.20500000,1688428815338,True,True
18186780,0.26410000,50.00000000,13.20500000,1688428815338,True,True
18186781,0.26410000,50.00000000,13.20500000,1688428815338,True,True
18186782,0.26410000,50.00000000,13.20500000,1688428815338,True,True
18186783,0.26410000,56.70000000,14.97447000,1688428815338,True,True
18186784,0.26400000,100.20000000,26.45280000,1688428815825,True,True
18186785,0.26410000,56.70000000,14.97447000,1688428818378,True,True
18186786,0.26410000,326.60000000,86.25506000,1688428818378,True,True
18186787,0.26420000,126.00000000,33.28920000,1688428819297,False,True
18186788,0.26420000,2.40000000,0.63408000,1688428819297,False,True
18186789,0.26410000,97.00000000,25.61770000,1688428819777,True,True
18186790,0.26410000,50.00000000,13.20500000,1688428819777,True,True
18186791,0.26410000,50.00000000,13.20500000,1688428819777,True,True
18186792,0.26410000,50.00000000,13.20500000,1688428819777,True,True
18186793,0.26410000,50.00000000,13.20500000,1688428819777,True,True
18186794,0.26410000,86.30000000,22.79183000,1688428819777,True,True
18186795,0.26410000,383.10000000,101.17671000,1688428820502,True,True
18186796,0.26420000,1698.70000000,448.79654000,1688428820521,False,True
18186797,0.26420000,75.00000000,19.81500000,1688428820521,False,True
18186798,0.26420000,227.60000000,60.13192000,1688428820521,False,True
18186799,0.26410000,100.30000000,26.48923000,1688428820776,True,True
18186800,0.26410000,717.80000000,189.57098000,1688428821700,True,True
18186801,0.26410000,190.00000000,50.17900000,1688428821700,True,True
18186802,0.26400000,1151.30000000,303.94320000,1688428821700,True,True
18186803,0.26400000,38.80000000,10.24320000,1688428821700,True,True
18186804,0.26400000,56.70000000,14.96880000,1688428821700,True,True
18186805,0.26390000,353.50000000,93.28865000,1688428821700,True,True
18186806,0.26390000,210.00000000,55.41900000,1688428821700,True,True
18186807,0.26390000,50.00000000,13.19500000,1688428821700,True,True
18186808,0.26380000,227.50000000,60.01450000,1688428821700,True,True
18186809,0.26380000,353.90000000,93.35882000,1688428821700,True,True
18186810,0.26380000,50.00000000,13.19000000,1688428821700,True,True
18186811,0.26380000,50.00000000,13.19000000,1688428821700,True,True
18186812,0.26380000,271.60000000,71.64808000,1688428821700,True,True
18186813,0.26430000,94.60000000,25.00278000,1688428823034,False,True
18186814,0.26430000,259.30000000,68.53299000,1688428823034,False,True
18186815,0.26430000,83.90000000,22.17477000,1688428823034,False,True
18186816,0.26430000,190.00000000,50.21700000,1688428823034,False,True
18186817,0.26430000,75.00000000,19.82250000,1688428823034,False,True
18186818,0.26430000,593.40000000,156.83562000,1688428823034,False,True
18186819,0.26430000,49.20000000,13.00356000,1688428823034,False,True
18186820,0.26430000,49.10000000,12.97713000,1688428823034,False,True
18186821,0.26400000,100.10000000,26.42640000,1688428825716,True,True
18186822,0.26420000,56.70000000,14.98014000,1688428829447,False,True
18186823,0.26400000,1227.70000000,324.11280000,1688428829775,True,True
18186824,0.26400000,56.70000000,14.96880000,1688428829775,True,True
18186825,0.26400000,50.00000000,13.20000000,1688428829775,True,True
18186826,0.26400000,50.00000000,13.20000000,1688428829775,True,True
18186827,0.26390000,50.00000000,13.19500000,1688428829867,True,True
18186828,0.26390000,50.00000000,13.19500000,1688428829867,True,True
18186829,0.26380000,1296.20000000,341.93756000,1688428830522,True,True
18186830,0.26380000,56.80000000,14.98384000,1688428830522,True,True
18186831,0.26370000,196.50000000,51.81705000,1688428830522,True,True
18186832,0.26370000,210.00000000,55.37700000,1688428830522,True,True
18186833,0.26370000,50.00000000,13.18500000,1688428830522,True,True
18186834,0.26360000,194.80000000,51.34928000,1688428830522,True,True
18186835,0.26360000,353.90000000,93.28804000,1688428830522,True,True
18186836,0.26360000,50.00000000,13.18000000,1688428830522,True,True
18186837,0.26360000,50.00000000,13.18000000,1688428830522,True,True
18186838,0.26350000,89.00000000,23.45150000,1688428830522,True,True
18186839,0.26350000,590.20000000,155.51770000,1688428830522,True,True
18186840,0.26340000,354.20000000,93.29628000,1688428830522,True,True
18186841,0.26340000,432.10000000,113.81514000,1688428830522,True,True
18186842,0.26330000,382.00000000,100.58060000,1688428830522,True,True
18186843,0.26330000,546.50000000,143.89345000,1688428830522,True,True
18186844,0.26320000,1177.20000000,309.83904000,1688428830522,True,True
18186845,0.26370000,354.50000000,93.48165000,1688428832324,False,True
18186846,0.26370000,75.00000000,19.77750000,1688428832324,False,True
18186847,0.26370000,97.00000000,25.57890000,1688428832324,False,True
18186848,0.26370000,1186.90000000,312.98553000,1688428832324,False,True
18186849,0.26360000,45.40000000,11.96744000,1688428832592,True,True
18186850,0.26380000,61.80000000,16.30284000,1688428833606,False,True
18186851,0.26360000,78.80000000,20.77168000,1688428833610,True,True
18186852,0.26370000,903.60000000,238.27932000,1688428834601,False,True
18186853,0.26380000,292.40000000,77.13512000,1688428834601,False,True
18186854,0.26380000,421.40000000,111.16532000,1688428834601,False,True
18186855,0.26380000,181.30000000,47.82694000,1688428834626,True,True
18186856,0.26380000,1863.30000000,491.53854000,1688428835651,True,True
18186857,0.26380000,97.00000000,25.58860000,1688428835651,True,True
18186858,0.26370000,354.70000000,93.53439000,1688428835657,True,True
18186859,0.26370000,50.00000000,13.18500000,1688428835657,True,True
18186860,0.26360000,56.80000000,14.97248000,1688428838525,True,True
18186861,0.26360000,50.00000000,13.18000000,1688428838525,True,True
18186862,0.26360000,50.00000000,13.18000000,1688428838525,True,True
18186863,0.26350000,50.00000000,13.17500000,1688428838621,True,True
18186864,0.26350000,274.50000000,72.33075000,1688428838621,True,True
18186865,0.26350000,50.00000000,13.17500000,1688428838621,True,True
18186866,0.26350000,1173.00000000,309.08550000,1688428838621,True,True
18186867,0.26340000,196.00000000,51.62640000,1688428838626,True,True
18186868,0.26340000,347.00000000,91.39980000,1688428838626,True,True
18186869,0.26340000,210.00000000,55.31400000,1688428838626,True,True
18186870,0.26340000,50.00000000,13.17000000,1688428838626,True,True
18186871,0.26340000,50.00000000,13.17000000,1688428838626,True,True
18186872,0.26340000,50.00000000,13.17000000,1688428838626,True,True
18186873,0.26340000,358.20000000,94.34988000,1688428838626,True,True
18186874,0.26350000,71.10000000,18.73485000,1688428838658,False,True
18186875,0.26350000,71.00000000,18.70850000,1688428838667,False,True
18186876,0.26350000,71.00000000,18.70850000,1688428838682,False,True
18186877,0.26340000,62.00000000,16.33080000,1688428839607,False,True
18186878,0.26340000,3000.00000000,790.20000000,1688428840018,False,True
18186879,0.26340000,2952.90000000,777.79386000,1688428840018,False,True
18186880,0.26340000,190.00000000,50.04600000,1688428841588,False,True
18186881,0.26340000,61.00000000,16.06740000,1688428841588,False,True
18186882,0.26340000,1949.50000000,513.49830000,1688428842802,False,True
18186883,0.26340000,158.50000000,41.74890000,1688428842822,False,True
18186884,0.26340000,79.50000000,20.94030000,1688428848278,False,True
18186885,0.26320000,78.70000000,20.71384000,1688428849335,True,True
18186886,0.26340000,40.60000000,10.69404000,1688428849593,False,True
18186887,0.26330000,79.60000000,20.95868000,1688428852502,False,True
18186888,0.26320000,50.00000000,13.16000000,1688428854222,True,True
18186889,0.26320000,97.00000000,25.53040000,1688428854222,True,True
18186890,0.26310000,355.10000000,93.42681000,1688428854222,True,True
18186891,0.26310000,56.90000000,14.97039000,1688428854222,True,True
18186892,0.26310000,50.00000000,13.15500000,1688428854222,True,True
18186893,0.26310000,50.00000000,13.15500000,1688428854222,True,True
18186894,0.26310000,210.00000000,55.25100000,1688428854222,True,True
18186895,0.26300000,45.90000000,12.07170000,1688428854238,True,True
18186896,0.26300000,186.40000000,49.02320000,1688428854238,True,True
18186897,0.26320000,79.50000000,20.92440000,1688428854583,False,True
18186898,0.26320000,79.50000000,20.92440000,1688428855246,False,True
18186899,0.26310000,38.40000000,10.10304000,1688428856449,False,True
18186900,0.26300000,194.60000000,51.17980000,1688428859576,True,True
18186901,0.26300000,57.00000000,14.99100000,1688428859576,True,True
18186902,0.26300000,50.00000000,13.15000000,1688428859576,True,True
18186903,0.26300000,31.40000000,8.25820000,1688428859576,True,True
18186904,0.26300000,18.60000000,4.89180000,1688428861007,True,True
18186905,0.26290000,282.30000000,74.21667000,1688428861010,True,True
18186906,0.26290000,210.00000000,55.20900000,1688428861010,True,True
18186907,0.26290000,50.00000000,13.14500000,1688428861010,True,True
18186908,0.26290000,57.00000000,14.98530000,1688428861010,True,True
18186909,0.26270000,192.20000000,50.49094000,1688428861810,True,True
18186910,0.26270000,1306.80000000,343.29636000,1688428861810,True,True
18186911,0.26270000,50.00000000,13.13500000,1688428861810,True,True
18186912,0.26260000,167.30000000,43.93298000,1688428861810,True,True
18186913,0.26260000,46.70000000,12.26342000,1688428861810,True,True
18186914,0.26260000,50.00000000,13.13000000,1688428861810,True,True
18186915,0.26260000,50.00000000,13.13000000,1688428861810,True,True
18186916,0.26260000,50.00000000,13.13000000,1688428861810,True,True
18186917,0.26250000,1251.50000000,328.51875000,1688428861810,True,True
18186918,0.26250000,46.90000000,12.31125000,1688428861810,True,True
18186919,0.26250000,197.20000000,51.76500000,1688428861810,True,True
18186920,0.26250000,604.40000000,158.65500000,1688428861810,True,True
18186921,0.26250000,812.10000000,213.17625000,1688428861810,True,True
18186922,0.26240000,355.50000000,93.28320000,1688428861810,True,True
18186923,0.26230000,7550.30000000,1980.44369000,1688428861810,True,True
18186924,0.26230000,381.20000000,99.98876000,1688428861810,True,True
18186925,0.26230000,392.80000000,103.03144000,1688428861810,True,True
18186926,0.26230000,156.50000000,41.04995000,1688428861810,True,True
18186927,0.26270000,49.50000000,13.00365000,1688428862739,False,True
18186928,0.26290000,41.90000000,11.01551000,1688428862919,False,True
18186929,0.26280000,57.00000000,14.97960000,1688428863722,False,True
18186930,0.26280000,22.70000000,5.96556000,1688428863722,False,True
18186931,0.26270000,570.70000000,149.92289000,1688428864040,True,True
18186932,0.26270000,190.00000000,49.91300000,1688428864040,True,True
18186933,0.26260000,210.00000000,55.14600000,1688428864373,True,True
18186934,0.26260000,571.10000000,149.97086000,1688428864373,True,True
18186935,0.26260000,97.00000000,25.47220000,1688428864373,True,True
18186936,0.26250000,301.00000000,79.01250000,1688428867251,True,True
18186937,0.26250000,270.10000000,70.90125000,1688428867254,True,True
18186938,0.26250000,99.00000000,25.98750000,1688428867254,True,True
18186939,0.26250000,210.00000000,55.12500000,1688428869245,True,True
18186940,0.26240000,37.60000000,9.86624000,1688428869245,True,True
18186941,0.26250000,71.00000000,18.63750000,1688428869263,False,True
18186942,0.26250000,71.00000000,18.63750000,1688428869273,False,True
18186943,0.26250000,71.00000000,18.63750000,1688428869288,False,True
18186944,0.26250000,70.90000000,18.61125000,1688428869299,False,True
18186945,0.26250000,70.90000000,18.61125000,1688428869324,False,True
18186946,0.26250000,70.90000000,18.61125000,1688428869390,False,True
18186947,0.26250000,70.90000000,18.61125000,1688428869450,False,True
18186948,0.26250000,70.90000000,18.61125000,1688428869513,False,True
18186949,0.26250000,70.80000000,18.58500000,1688428869582,False,True
18186950,0.26250000,70.80000000,18.58500000,1688428869676,False,True
18186951,0.26250000,70.80000000,18.58500000,1688428869781,False,True
18186952,0.26250000,70.80000000,18.58500000,1688428869848,False,True
18186953,0.26250000,70.80000000,18.58500000,1688428869912,False,True
18186954,0.26250000,70.80000000,18.58500000,1688428869984,False,True
18186955,0.26250000,70.70000000,18.55875000,1688428870052,False,True
18186956,0.26250000,70.70000000,18.55875000,1688428870068,False,True
18186957,0.26240000,259.50000000,68.09280000,1688428872898,True,True
18186958,0.26240000,274.10000000,71.92384000,1688428872901,True,True
18186959,0.26240000,403.50000000,105.87840000,1688428873203,False,True
18186960,0.26240000,356.00000000,93.41440000,1688428875165,False,True
18186961,0.26230000,210.00000000,55.08300000,1688428876326,True,True
18186962,0.26230000,171.00000000,44.85330000,1688428876326,True,True
18186963,0.26230000,19.00000000,4.98370000,1688428876328,True,True
18186964,0.26230000,97.00000000,25.44310000,1688428876328,True,True
18186965,0.26230000,190.00000000,49.83700000,1688428876328,True,True
18186966,0.26230000,255.20000000,66.93896000,1688428885594,False,True
18186967,0.26230000,152.50000000,40.00075000,1688428891648,False,True
18186968,0.26220000,89.00000000,23.33580000,1688428891976,True,True
18186969,0.26220000,50.00000000,13.11000000,1688428891976,True,True
18186970,0.26220000,57.00000000,14.94540000,1688428891976,True,True
18186971,0.26220000,50.00000000,13.11000000,1688428891976,True,True
18186972,0.26220000,135.00000000,35.39700000,1688428891976,True,True
18186973,0.26220000,55.00000000,14.42100000,1688428893715,True,True
18186974,0.26220000,97.00000000,25.43340000,1688428893715,True,True
18186975,0.26210000,39.00000000,10.22190000,1688428893715,True,True
18186976,0.26210000,638.50000000,167.35085000,1688428893715,True,True
18186977,0.26210000,584.90000000,153.30229000,1688428893715,True,True
18186978,0.26210000,584.90000000,153.30229000,1688428893715,True,True
18186979,0.26210000,50.00000000,13.10500000,1688428893715,True,True
18186980,0.26210000,57.10000000,14.96591000,1688428893715,True,True
18186981,0.26200000,355.50000000,93.14100000,1688428893715,True,True
18186982,0.26200000,381.60000000,99.97920000,1688428893715,True,True
18186983,0.26200000,210.00000000,55.02000000,1688428893715,True,True
18186984,0.26200000,1429.90000000,374.63380000,1688428893715,True,True
18186985,0.26200000,50.00000000,13.10000000,1688428893715,True,True
18186986,0.26200000,50.00000000,13.10000000,1688428893715,True,True
18186987,0.26200000,333.00000000,87.24600000,1688428893717,False,True
18186988,0.26200000,6097.90000000,1597.64980000,1688428893717,False,True
18186989,0.26190000,129.80000000,33.99462000,1688428893819,True,True
18186990,0.26190000,50.00000000,13.09500000,1688428893819,True,True
18186991,0.26190000,50.00000000,13.09500000,1688428893819,True,True
18186992,0.26190000,584.90000000,153.18531000,1688428893819,True,True
18186993,0.26190000,584.90000000,153.18531000,1688428893819,True,True
18186994,0.26180000,75.00000000,19.63500000,1688428894827,True,True
18186995,0.26180000,57.20000000,14.97496000,1688428894827,True,True
18186996,0.26180000,50.00000000,13.09000000,1688428894827,True,True
18186997,0.26180000,55.50000000,14.52990000,1688428895591,False,True
18186998,0.26170000,95.80000000,25.07086000,1688428898187,True,True
18186999,0.26170000,75.00000000,19.62750000,1688428898187,True,True
18187000,0.26170000,97.00000000,25.38490000,1688428898187,True,True
18187001,0.26170000,50.00000000,13.08500000,1688428898187,True,True
18187002,0.26170000,32.10000000,8.40057000,1688428898187,True,True
18187003,0.26170000,25.20000000,6.59484000,1688428898794,True,True
18187004,0.26170000,50.00000000,13.08500000,1688428898794,True,True
18187005,0.26170000,50.00000000,13.08500000,1688428898794,True,True
18187006,0.26160000,210.00000000,54.93600000,1688428898797,True,True
18187007,0.26160000,50.00000000,13.08000000,1688428898797,True,True
18187008,0.26160000,50.00000000,13.08000000,1688428898798,True,True
18187009,0.26170000,79.40000000,20.77898000,1688428898838,False,True
18187010,0.26150000,159.40000000,41.68310000,1688428901593,False,True
18187011,0.26140000,616.70000000,161.20538000,1688428903268,True,True
18187012,0.26140000,50.00000000,13.07000000,1688428903268,True,True
18187013,0.26140000,210.00000000,54.89400000,1688428903268,True,True
18187014,0.26140000,57.30000000,14.97822000,1688428903268,True,True
18187015,0.26140000,50.00000000,13.07000000,1688428903268,True,True
18187016,0.26140000,50.00000000,13.07000000,1688428903268,True,True
18187017,0.26140000,50.00000000,13.07000000,1688428903268,True,True
18187018,0.26140000,50.00000000,13.07000000,1688428903268,True,True
18187019,0.26140000,50.00000000,13.07000000,1688428903268,True,True
18187020,0.26130000,1069.50000000,279.46035000,1688428903273,True,True
18187021,0.26130000,50.00000000,13.06500000,1688428903273,True,True
18187022,0.26130000,1244.20000000,325.10946000,1688428903273,True,True
18187023,0.26130000,585.60000000,153.01728000,1688428903273,True,True
18187024,0.26130000,866.70000000,226.46871000,1688428903273,True,True
18187025,0.26120000,1424.70000000,372.13164000,1688428906371,True,True
18187026,0.26120000,190.00000000,49.62800000,1688428906371,True,True
18187027,0.26120000,210.00000000,54.85200000,1688428906371,True,True
18187028,0.26120000,50.00000000,13.06000000,1688428906371,True,True
18187029,0.26120000,50.00000000,13.06000000,1688428906371,True,True
18187030,0.26120000,50.00000000,13.06000000,1688428906371,True,True
18187031,0.26120000,50.00000000,13.06000000,1688428906371,True,True
18187032,0.26110000,1251.50000000,326.76665000,1688428906371,True,True
18187033,0.26110000,649.10000000,169.48001000,1688428906371,True,True
18187034,0.26110000,50.00000000,13.05500000,1688428906371,True,True
18187035,0.26110000,50.00000000,13.05500000,1688428906371,True,True
18187036,0.26100000,94.00000000,24.53400000,1688428906371,True,True
18187037,0.26100000,383.10000000,99.98910000,1688428906371,True,True
18187038,0.26100000,50.00000000,13.05000000,1688428906371,True,True
18187039,0.26100000,3355.70000000,875.83770000,1688428906373,False,True
18187040,0.26100000,349.90000000,91.32390000,1688428906374,False,True
18187041,0.26100000,3899.00000000,1017.63900000,1688428906374,False,True
18187042,0.26100000,4210.10000000,1098.83610000,1688428906374,False,True
18187043,0.26100000,2358.10000000,615.46410000,1688428906376,False,True
18187044,0.26100000,505.70000000,131.98770000,1688428906383,False,True
18187045,0.26110000,310.50000000,81.07155000,1688428907116,False,True
18187046,0.26110000,1951.00000000,509.40610000,1688428907270,False,True
18187047,0.26120000,79.50000000,20.76540000,1688428908196,False,True
18187048,0.26110000,57.40000000,14.98714000,1688428910068,False,True
18187049,0.26120000,277.90000000,72.58748000,1688428910077,False,True
18187050,0.26120000,17.60000000,4.59712000,1688428910077,False,True
18187051,0.26120000,49.80000000,13.00776000,1688428911218,False,True
18187052,0.26120000,49.80000000,13.00776000,1688428911218,False,True
18187053,0.26120000,49.80000000,13.00776000,1688428911218,False,True
18187054,0.26120000,190.00000000,49.62800000,1688428911218,False,True
18187055,0.26120000,49.80000000,13.00776000,1688428911218,False,True
18187056,0.26120000,22.90000000,5.98148000,1688428911218,False,True
18187057,0.26120000,26.90000000,7.02628000,1688428911590,False,True
18187058,0.26120000,12.10000000,3.16052000,1688428911590,False,True
18187059,0.26120000,322.00000000,84.10640000,1688428912865,False,True
18187060,0.26120000,57.40000000,14.99288000,1688428913347,True,True
18187061,0.26120000,190.00000000,49.62800000,1688428920269,True,True
18187062,0.26110000,252.70000000,65.97997000,1688428921633,False,True
18187063,0.26110000,959.00000000,250.39490000,1688428922887,False,True
18187064,0.26110000,829.50000000,216.58245000,1688428922887,False,True
18187065,0.26120000,275.60000000,71.98672000,1688428924631,False,True
18187066,0.26120000,241.10000000,62.97532000,1688428926987,False,True
18187067,0.26110000,294.70000000,76.94617000,1688428927983,False,True
18187068,0.26110000,340.70000000,88.95677000,1688428928781,False,True
18187069,0.26100000,638.00000000,166.51800000,1688428931408,True,True
18187070,0.26100000,2161.00000000,564.02100000,1688428931408,True,True
18187071,0.26100000,190.00000000,49.59000000,1688428931408,True,True
18187072,0.26090000,259.30000000,67.65137000,1688428931428,True,True
18187073,0.26090000,208.40000000,54.37156000,1688428931433,True,True
18187074,0.26100000,239.20000000,62.43120000,1688428933595,False,True
18187075,0.26090000,50.00000000,13.04500000,1688428934122,True,True
18187076,0.26080000,63.50000000,16.56080000,1688428934122,True,True
18187077,0.26090000,153.40000000,40.02206000,1688428935087,False,True
18187078,0.26090000,115.00000000,30.00350000,1688428936310,False,True
18187079,0.26090000,314.20000000,81.97478000,1688428938067,False,True
18187080,0.26090000,295.10000000,76.99159000,1688428938201,False,True
18187081,0.26090000,191.60000000,49.98844000,1688428938344,False,True
18187082,0.26090000,410.10000000,106.99509000,1688428938378,False,True
18187083,0.26090000,65.10000000,16.98459000,1688428938611,False,True
18187084,0.26090000,287.40000000,74.98266000,1688428938647,False,True
18187085,0.26090000,214.60000000,55.98914000,1688428938791,False,True
18187086,0.26090000,585.60000000,152.78304000,1688428939124,False,True
18187087,0.26090000,27.60000000,7.20084000,1688428939124,False,True
18187088,0.26090000,383.20000000,99.97688000,1688428940455,False,True
18187089,0.26090000,383.20000000,99.97688000,1688428941158,False,True
18187090,0.26080000,25.50000000,6.65040000,1688428944084,True,True
18187091,0.26080000,56.40000000,14.70912000,1688428944084,True,True
18187092,0.26080000,616.10000000,160.67888000,1688428944084,True,True
18187093,0.26080000,75.90000000,19.79472000,1688428947291,True,True
18187094,0.26100000,507.50000000,132.45750000,1688428951303,False,True
18187095,0.26100000,281.30000000,73.41930000,1688428951307,False,True
18187096,0.26090000,103.90000000,27.10751000,1688428956415,True,True
18187097,0.26090000,161.60000000,42.16144000,1688428957264,True,True
18187098,0.26090000,28.40000000,7.40956000,1688428957336,True,True
18187099,0.26090000,97.00000000,25.30730000,1688428957336,True,True
18187100,0.26080000,183.20000000,47.77856000,1688428957381,True,True
18187101,0.26080000,6.80000000,1.77344000,1688428957381,True,True
18187102,0.26080000,50.60000000,13.19648000,1688428963263,True,True
18187103,0.26080000,50.00000000,13.04000000,1688428963263,True,True
18187104,0.26080000,49.90000000,13.01392000,1688428963263,True,True
18187105,0.26080000,0.10000000,0.02608000,1688428963268,True,True
18187106,0.26070000,715.20000000,186.45264000,1688428967360,True,True
18187107,0.26070000,196.30000000,51.17541000,1688428967360,True,True
18187108,0.26070000,1395.30000000,363.75471000,1688428967360,True,True
18187109,0.26070000,57.50000000,14.99025000,1688428967360,True,True
18187110,0.26070000,50.00000000,13.03500000,1688428967360,True,True
18187111,0.26070000,94.70000000,24.68829000,1688428967360,True,True
18187112,0.26070000,0.10000000,0.02607000,1688428967366,True,True
18187113,0.26070000,190.00000000,49.53300000,1688428967372,True,True
18187114,0.26060000,217.10000000,56.57626000,1688428967389,True,True
18187115,0.26060000,367.60000000,95.79656000,1688428967389,True,True
18187116,0.26060000,383.70000000,99.99222000,1688428967389,True,True
18187117,0.26060000,210.00000000,54.72600000,1688428967389,True,True
18187118,0.26060000,195.10000000,50.84306000,1688428967389,True,True
18187119,0.26060000,50.00000000,13.03000000,1688428967389,True,True
18187120,0.26060000,50.00000000,13.03000000,1688428967389,True,True
18187121,0.26060000,676.70000000,176.34802000,1688428967389,True,True
18187122,0.26060000,4618.20000000,1203.50292000,1688428967395,True,True
18187123,0.26080000,48.00000000,12.51840000,1688428967592,False,True
18187124,0.26080000,57.50000000,14.99600000,1688428975507,False,True
18187125,0.26080000,343.00000000,89.45440000,1688428975507,False,True
18187126,0.26080000,97.00000000,25.29760000,1688428979093,False,True
18187127,0.26080000,111.00000000,28.94880000,1688428979093,False,True
18187128,0.26070000,1445.20000000,376.76364000,1688428982013,False,True
18187129,0.26070000,190.00000000,49.53300000,1688428984391,True,True
18187130,0.26070000,766.70000000,199.87869000,1688428984391,True,True
18187131,0.26060000,199.60000000,52.01576000,1688428989756,False,True
18187132,0.26050000,167.30000000,43.58165000,1688428989894,True,True
18187133,0.26050000,50.00000000,13.02500000,1688428989894,True,True
18187134,0.26050000,62.50000000,16.28125000,1688428991603,False,True
18187135,0.26040000,46.90000000,12.21276000,1688428993391,True,True
18187136,0.26040000,130.60000000,34.00824000,1688428993391,True,True
18187137,0.26040000,135.10000000,35.18004000,1688428993391,True,True
18187138,0.26040000,1954.60000000,508.97784000,1688428993391,True,True
18187139,0.26040000,498.70000000,129.86148000,1688428993391,True,True
18187140,0.26040000,85.90000000,22.36836000,1688428993391,True,True
18187141,0.26040000,1792.20000000,466.68888000,1688428993391,True,True
18187142,0.26040000,576.00000000,149.99040000,1688428993391,True,True
18187143,0.26040000,57.50000000,14.97300000,1688428993391,True,True
18187144,0.26040000,50.00000000,13.02000000,1688428993391,True,True
18187145,0.26040000,767.60000000,199.88304000,1688428993391,True,True
18187146,0.26040000,50.00000000,13.02000000,1688428993391,True,True
18187147,0.26040000,767.60000000,199.88304000,1688428993391,True,True
18187148,0.26030000,39.30000000,10.22979000,1688428993391,True,True
18187149,0.26030000,50.00000000,13.01500000,1688428993391,True,True
18187150,0.26030000,358.30000000,93.26549000,1688428993391,True,True
18187151,0.26030000,170.00000000,44.25100000,1688428993391,True,True
18187152,0.26030000,50.00000000,13.01500000,1688428993391,True,True
18187153,0.26030000,50.00000000,13.01500000,1688428993391,True,True
18187154,0.26030000,1269.30000000,330.39879000,1688428993391,True,True
18187155,0.26020000,791.70000000,206.00034000,1688428993391,True,True
18187156,0.26020000,4833.40000000,1257.65068000,1688428993391,True,True
18187157,0.26030000,576.20000000,149.98486000,1688428993727,True,True
18187158,0.26020000,210.00000000,54.64200000,1688428994071,True,True
18187159,0.26020000,1406.90000000,366.07538000,1688428998204,True,True
18187160,0.26020000,190.00000000,49.43800000,1688428998204,True,True
18187161,0.26020000,1770.80000000,460.76216000,1688428998808,False,True
18187162,0.26020000,576.40000000,149.97928000,1688428998808,False,True
18187163,0.26010000,446.40000000,116.10864000,1688429003193,True,True
18187164,0.26010000,123.10000000,32.01831000,1688429003193,True,True
18187165,0.26010000,57.60000000,14.98176000,1688429003193,True,True
18187166,0.26010000,50.00000000,13.00500000,1688429003193,True,True
18187167,0.26010000,1296.20000000,337.14162000,1688429003193,True,True
18187168,0.26010000,915.00000000,237.99150000,1688429003193,True,True
18187169,0.26010000,361.90000000,94.13019000,1688429003193,True,True
18187170,0.26030000,885.20000000,230.41756000,1688429006618,False,True
18187171,0.26040000,49.90000000,12.99396000,1688429007752,False,True
18187172,0.26040000,57.60000000,14.99904000,1688429007752,False,True
18187173,0.26040000,49.90000000,12.99396000,1688429007752,False,True
18187174,0.26050000,779.10000000,202.95555000,1688429011874,False,True
18187175,0.26050000,1748.70000000,455.53635000,1688429011874,False,True
18187176,0.26050000,97.00000000,25.26850000,1688429011874,False,True
18187177,0.26050000,57.50000000,14.97875000,1688429011874,False,True
18187178,0.26050000,49.90000000,12.99895000,1688429011874,False,True
18187179,0.26050000,49.90000000,12.99895000,1688429011874,False,True
18187180,0.26060000,359.10000000,93.58146000,1688429020261,False,True
18187181,0.26060000,135.70000000,35.36342000,1688429020261,False,True
18187182,0.26060000,54.30000000,14.15058000,1688429020266,False,True
18187183,0.26060000,43.20000000,11.25792000,1688429020266,False,True
18187184,0.26060000,6.70000000,1.74602000,1688429020267,False,True
18187185,0.26070000,210.00000000,54.74700000,1688429030527,False,True
18187186,0.26070000,57.50000000,14.99025000,1688429030527,False,True
18187187,0.26070000,49.90000000,13.00893000,1688429030527,False,True
18187188,0.26070000,788.30000000,205.50981000,1688429030527,False,True
18187189,0.26070000,49.90000000,13.00893000,1688429030527,False,True
18187190,0.26070000,180.00000000,46.92600000,1688429030527,False,True
18187191,0.26070000,791.00000000,206.21370000,1688429035265,False,True
18187192,0.26070000,101.20000000,26.38284000,1688429035265,False,True
18187193,0.26060000,1966.30000000,512.41778000,1688429039472,True,True
18187194,0.26060000,190.00000000,49.51400000,1688429039472,True,True
18187195,0.26070000,977.90000000,254.93853000,1688429041032,False,True
18187196,0.26060000,251.30000000,65.48878000,1688429043258,True,True
18187197,0.26070000,1411.30000000,367.92591000,1688429054345,False,True
18187198,0.26070000,785.00000000,204.64950000,1688429054345,False,True
18187199,0.26070000,97.00000000,25.28790000,1688429054345,False,True
18187200,0.26060000,512.90000000,133.66174000,1688429055284,True,True
18187201,0.26060000,190.00000000,49.51400000,1688429055284,True,True
18187202,0.26060000,763.00000000,198.83780000,1688429055284,True,True
18187203,0.26060000,373.30000000,97.28198000,1688429055284,True,True
18187204,0.26060000,190.00000000,49.51400000,1688429058081,True,True
18187205,0.26060000,122.60000000,31.94956000,1688429058081,True,True
18187206,0.26060000,190.50000000,49.64430000,1688429058493,True,True
18187207,0.26060000,213.40000000,55.61204000,1688429058653,True,True
18187208,0.26060000,293.50000000,76.48610000,1688429058732,True,True
18187209,0.26060000,458.60000000,119.51116000,1688429058790,True,True
18187210,0.26060000,505.10000000,131.62906000,1688429059770,True,True
18187211,0.26060000,104.60000000,27.25876000,1688429059770,True,True
18187212,0.26060000,381.30000000,99.36678000,1688429060190,True,True
18187213,0.26060000,64.70000000,16.86082000,1688429060205,True,True
18187214,0.26060000,325.10000000,84.72106000,1688429060359,True,True
18187215,0.26080000,575.10000000,149.98608000,1688429062788,False,True
18187216,0.26080000,49.80000000,12.98784000,1688429062788,False,True
18187217,0.26080000,295.40000000,77.04032000,1688429062788,False,True
18187218,0.26080000,313.50000000,81.76080000,1688429062788,False,True
18187219,0.26080000,771.00000000,201.07680000,1688429062788,False,True
18187220,0.26090000,359.10000000,93.68919000,1688429062792,False,True
18187221,0.26090000,170.00000000,44.35300000,1688429062792,False,True
18187222,0.26090000,49.80000000,12.99282000,1688429062792,False,True
18187223,0.26090000,57.50000000,15.00175000,1688429062792,False,True
18187224,0.26090000,49.80000000,12.99282000,1688429062792,False,True
18187225,0.26090000,138.10000000,36.03029000,1688429062792,False,True
18187226,0.26090000,1275.70000000,332.83013000,1688429062792,False,True
18187227,0.26090000,4000.00000000,1043.60000000,1688429062792,False,True
18187228,0.26090000,644.40000000,168.12396000,1688429062792,False,True
18187229,0.26090000,574.80000000,149.96532000,1688429063292,False,True
18187230,0.26110000,210.00000000,54.83100000,1688429074205,False,True
18187231,0.26120000,49.80000000,13.00776000,1688429074251,False,True
18187232,0.26120000,1000.00000000,261.20000000,1688429074251,False,True
18187233,0.26130000,57.50000000,15.02475000,1688429075228,False,True
18187234,0.26130000,49.80000000,13.01274000,1688429075228,False,True
18187235,0.26140000,210.00000000,54.89400000,1688429076411,False,True
18187236,0.26140000,57.30000000,14.97822000,1688429076411,False,True
18187237,0.26140000,0.10000000,0.02614000,1688429079036,False,True
18187238,0.26140000,49.70000000,12.99158000,1688429079036,False,True
18187239,0.26140000,49.70000000,12.99158000,1688429079036,False,True
18187240,0.26150000,210.00000000,54.91500000,1688429080275,False,True
18187241,0.26150000,99.50000000,26.01925000,1688429080275,False,True
18187242,0.26150000,49.70000000,12.99655000,1688429080275,False,True
18187243,0.26150000,57.30000000,14.98395000,1688429080275,False,True
18187244,0.26150000,97.00000000,25.36550000,1688429080275,False,True
18187245,0.26160000,120.00000000,31.39200000,1688429083438,False,True
18187246,0.26160000,49.70000000,13.00152000,1688429084244,False,True
18187247,0.26170000,277.30000000,72.56941000,1688429084244,False,True
18187248,0.26170000,170.00000000,44.48900000,1688429084244,False,True
18187249,0.26170000,210.00000000,54.95700000,1688429084244,False,True
18187250,0.26170000,49.70000000,13.00649000,1688429084244,False,True
18187251,0.26170000,49.70000000,13.00649000,1688429084244,False,True
18187252,0.26170000,57.30000000,14.99541000,1688429084244,False,True
18187253,0.26180000,358.30000000,93.80294000,1688429084244,False,True
18187254,0.26180000,49.70000000,13.01146000,1688429084244,False,True
18187255,0.26180000,49.70000000,13.01146000,1688429084244,False,True
18187256,0.26170000,605.70000000,158.51169000,1688429087278,True,True
18187257,0.26170000,190.00000000,49.72300000,1688429087278,True,True
18187258,0.26170000,190.00000000,49.72300000,1688429087278,True,True
18187259,0.26170000,702.40000000,183.81808000,1688429087290,True,True
18187260,0.26180000,49.60000000,12.98528000,1688429088620,False,True
18187261,0.26190000,0.40000000,0.10476000,1688429088620,False,True
18187262,0.26180000,774.00000000,202.63320000,1688429092878,False,True
18187263,0.26180000,938.00000000,245.56840000,1688429092878,False,True
18187264,0.26190000,1336.50000000,350.02935000,1688429092878,False,True
18187265,0.26190000,175.00000000,45.83250000,1688429092878,False,True
18187266,0.26190000,652.60000000,170.91594000,1688429094912,True,True
18187267,0.26180000,773.10000000,202.39758000,1688429095011,True,True
18187268,0.26180000,566.40000000,148.28352000,1688429095011,True,True
18187269,0.26170000,556.60000000,145.66222000,1688429095019,True,True
18187270,0.26190000,763.60000000,199.98684000,1688429100262,False,True
18187271,0.26190000,785.80000000,205.80102000,1688429100262,False,True
18187272,0.26190000,190.00000000,49.76100000,1688429100262,False,True
18187273,0.26190000,97.00000000,25.40430000,1688429100262,False,True
18187274,0.26190000,136.00000000,35.61840000,1688429105221,True,True
18187275,0.26170000,778.80000000,203.81196000,1688429107838,True,True
18187276,0.26170000,2917.50000000,763.50975000,1688429107838,True,True
18187277,0.26170000,281.80000000,73.74706000,1688429107840,True,True
18187278,0.26160000,357.60000000,93.54816000,1688429107843,True,True
18187279,0.26160000,50.00000000,13.08000000,1688429107843,True,True
18187280,0.26160000,57.20000000,14.96352000,1688429107843,True,True
18187281,0.26160000,50.00000000,13.08000000,1688429107843,True,True
18187282,0.26160000,193.40000000,50.59344000,1688429107843,True,True
18187283,0.26150000,170.00000000,44.45500000,1688429107968,True,True
18187284,0.26150000,590.40000000,154.38960000,1688429107968,True,True
18187285,0.26150000,50.00000000,13.07500000,1688429107968,True,True
18187286,0.26150000,50.00000000,13.07500000,1688429107968,True,True
18187287,0.26150000,206.80000000,54.07820000,1688429107968,True,True
18187288,0.26150000,0.10000000,0.02615000,1688429107973,True,True
18187289,0.26150000,590.30000000,154.36345000,1688429108033,True,True
18187290,0.26150000,0.10000000,0.02615000,1688429108033,True,True
18187291,0.26140000,4863.80000000,1271.39732000,1688429108048,True,True
18187292,0.26140000,2674.10000000,699.00974000,1688429108050,True,True
18187293,0.26140000,50.00000000,13.07000000,1688429108050,True,True
18187294,0.26140000,50.00000000,13.07000000,1688429108050,True,True
18187295,0.26140000,50.00000000,13.07000000,1688429108050,True,True
18187296,0.26140000,210.00000000,54.89400000,1688429108050,True,True
18187297,0.26130000,357.60000000,93.44088000,1688429108054,True,True
18187298,0.26130000,194.70000000,50.87511000,1688429108054,True,True
18187299,0.26130000,2763.50000000,722.10255000,1688429108054,True,True
18187300,0.26130000,1292.90000000,337.83477000,1688429108054,True,True
18187301,0.26130000,129.70000000,33.89061000,1688429108062,True,True
18187302,0.26110000,210.00000000,54.83100000,1688429115146,True,True
18187303,0.26100000,357.30000000,93.25530000,1688429115146,True,True
18187304,0.26100000,47.80000000,12.47580000,1688429115146,True,True
18187305,0.26120000,97.00000000,25.33640000,1688429120482,False,True
18187306,0.26120000,93.00000000,24.29160000,1688429120482,False,True
18187307,0.26120000,190.00000000,49.62800000,1688429120482,False,True
18187308,0.26130000,119.00000000,31.09470000,1688429122302,False,True
18187309,0.26130000,119.00000000,31.09470000,1688429123553,True,True
18187310,0.26130000,71.00000000,18.55230000,1688429123557,True,True
18187311,0.26130000,1100.00000000,287.43000000,1688429132098,False,True
18187312,0.26130000,97.00000000,25.34610000,1688429132098,False,True
18187313,0.26140000,49.70000000,12.99158000,1688429132873,False,True
18187314,0.26150000,57.40000000,15.01010000,1688429143540,False,True
18187315,0.26150000,49.70000000,12.99655000,1688429143540,False,True
18187316,0.26150000,49.70000000,12.99655000,1688429143540,False,True
18187317,0.26150000,49.70000000,12.99655000,1688429143540,False,True
18187318,0.26150000,49.70000000,12.99655000,1688429143540,False,True
18187319,0.26160000,170.00000000,44.47200000,1688429143562,False,True
18187320,0.26160000,49.70000000,13.00152000,1688429143562,False,True
18187321,0.26160000,49.70000000,13.00152000,1688429143562,False,True
18187322,0.26160000,49.70000000,13.00152000,1688429143562,False,True
18187323,0.26160000,2000.00000000,523.20000000,1688429143562,False,True
18187324,0.26160000,2000.00000000,523.20000000,1688429143562,False,True
18187325,0.26170000,294.60000000,77.09682000,1688429143573,False,True
18187326,0.26170000,49.70000000,13.00649000,1688429143573,False,True
18187327,0.26170000,2000.00000000,523.40000000,1688429143578,False,True
18187328,0.26170000,424.70000000,111.14399000,1688429143970,False,True
18187329,0.26180000,86.90000000,22.75042000,1688429149984,False,True
18187330,0.26170000,763.90000000,199.91263000,1688429152652,True,True
18187331,0.26170000,342.00000000,89.50140000,1688429152652,True,True
18187332,0.26170000,274.10000000,71.73197000,1688429163121,True,True
18187333,0.26170000,239.90000000,62.78183000,1688429168299,True,True
18187334,0.26170000,249.70000000,65.34649000,1688429169082,True,True
18187335,0.26170000,43.40000000,11.35778000,1688429169082,True,True
18187336,0.26170000,338.80000000,88.66396000,1688429169922,True,True
18187337,0.26170000,381.50000000,99.83855000,1688429172125,True,True
18187338,0.26170000,775.70000000,203.00069000,1688429172125,True,True
18187339,0.26170000,97.00000000,25.38490000,1688429174903,False,True
18187340,0.26180000,71.10000000,18.61398000,1688429177263,True,True
18187341,0.26180000,381.30000000,99.82434000,1688429178886,True,True
18187342,0.26190000,57.20000000,14.98068000,1688429182809,False,True
18187343,0.26190000,49.60000000,12.99024000,1688429182809,False,True
18187344,0.26190000,49.60000000,12.99024000,1688429182809,False,True
18187345,0.26190000,194.20000000,50.86098000,1688429182809,False,True
18187346,0.26200000,210.00000000,55.02000000,1688429182957,False,True
18187347,0.26200000,170.00000000,44.54000000,1688429182957,False,True
18187348,0.26200000,49.60000000,12.99520000,1688429182957,False,True
18187349,0.26200000,49.60000000,12.99520000,1688429182957,False,True
18187350,0.26200000,49.60000000,12.99520000,1688429182957,False,True
18187351,0.26200000,1241.40000000,325.24680000,1688429182957,False,True
18187352,0.26200000,157.20000000,41.18640000,1688429182957,False,True
18187353,0.26200000,1179.90000000,309.13380000,1688429182957,False,True
18187354,0.26210000,39.30000000,10.30053000,1688429184282,False,True
18187355,0.26220000,89.00000000,23.33580000,1688429184293,False,True
18187356,0.26210000,51.70000000,13.55057000,1688429186353,True,True
18187357,0.26210000,104.20000000,27.31082000,1688429186385,False,True
18187358,0.26210000,97.00000000,25.42370000,1688429190839,False,True
18187359,0.26200000,51.70000000,13.54540000,1688429193895,False,True
18187360,0.26200000,277.20000000,72.62640000,1688429193896,False,True
18187361,0.26200000,455.90000000,119.44580000,1688429193912,False,True
18187362,0.26210000,733.20000000,192.17172000,1688429202346,True,True
18187363,0.26200000,293.30000000,76.84460000,1688429209433,True,True
18187364,0.26190000,57.20000000,14.98068000,1688429209433,True,True
18187365,0.26190000,50.00000000,13.09500000,1688429209433,True,True
18187366,0.26190000,50.00000000,13.09500000,1688429209433,True,True
18187367,0.26190000,65.60000000,17.18064000,1688429209433,True,True
18187368,0.26210000,97.00000000,25.42370000,1688429222379,False,True
18187369,0.26220000,57.20000000,14.99784000,1688429227793,False,True
18187370,0.26220000,49.60000000,13.00512000,1688429227793,False,True
18187371,0.26220000,49.60000000,13.00512000,1688429227793,False,True
18187372,0.26220000,128.80000000,33.77136000,1688429227793,False,True
18187373,0.26220000,79.90000000,20.94978000,1688429231651,True,True
18187374,0.26230000,130.50000000,34.23015000,1688429232430,False,True
18187375,0.26230000,97.00000000,25.44310000,1688429232430,False,True
18187376,0.26230000,412.70000000,108.25121000,1688429236902,True,True
18187377,0.26230000,157.80000000,41.39094000,1688429236907,True,True
18187378,0.26220000,850.10000000,222.89622000,1688429244210,True,True
18187379,0.26220000,45.40000000,11.90388000,1688429266299,True,True
18187380,0.26220000,100.40000000,26.32488000,1688429266299,True,True
18187381,0.26220000,762.30000000,199.87506000,1688429266299,True,True
18187382,0.26210000,558.20000000,146.30422000,1688429272016,True,True
18187383,0.26210000,97.00000000,25.42370000,1688429279622,False,True
18187384,0.26210000,21.60000000,5.66136000,1688429279622,False,True
18187385,0.26210000,716.00000000,187.66360000,1688429280116,False,True
18187386,0.26210000,91.20000000,23.90352000,1688429280681,False,True
18187387,0.26200000,57.10000000,14.96020000,1688429282616,True,True
18187388,0.26200000,50.00000000,13.10000000,1688429282616,True,True
18187389,0.26200000,50.00000000,13.10000000,1688429282616,True,True
18187390,0.26200000,762.90000000,199.87980000,1688429282616,True,True
18187391,0.26200000,766.00000000,200.69200000,1688429282616,True,True
18187392,0.26200000,93.00000000,24.36600000,1688429282616,True,True
18187393,0.26210000,109.20000000,28.62132000,1688429283365,False,True
18187394,0.26220000,407.60000000,106.87272000,1688429311288,True,True
18187395,0.26220000,78.20000000,20.50404000,1688429321190,True,True
18187396,0.26230000,57.20000000,15.00356000,1688429326645,False,True
18187397,0.26230000,49.50000000,12.98385000,1688429326645,False,True
18187398,0.26230000,141.80000000,37.19414000,1688429326645,False,True
18187399,0.26250000,208.60000000,54.75750000,1688429328270,False,True
18187400,0.26250000,433.80000000,113.87250000,1688429329329,False,True
18187401,0.26250000,609.10000000,159.88875000,1688429329337,False,True
18187402,0.26250000,46.90000000,12.31125000,1688429329337,False,True
18187403,0.26250000,1308.40000000,343.45500000,1688429329337,False,True
18187404,0.26250000,49.50000000,12.99375000,1688429329337,False,True
18187405,0.26250000,590.70000000,155.05875000,1688429329337,False,True
18187406,0.26250000,327.20000000,85.89000000,1688429329349,False,True
18187407,0.26250000,57.10000000,14.98875000,1688429329349,False,True
18187408,0.26250000,49.50000000,12.99375000,1688429329349,False,True
18187409,0.26240000,40.30000000,10.57472000,1688429331630,True,True
18187410,0.26240000,78.00000000,20.46720000,1688429336115,True,True
18187411,0.26260000,167.30000000,43.93298000,1688429342930,False,True
18187412,0.26260000,57.10000000,14.99446000,1688429342930,False,True
18187413,0.26260000,49.50000000,12.99870000,1688429342930,False,True
18187414,0.26260000,49.50000000,12.99870000,1688429342930,False,True
18187415,0.26260000,855.10000000,224.54926000,1688429344817,True,True
18187416,0.26260000,1206.40000000,316.80064000,1688429344817,True,True
18187417,0.26260000,763.00000000,200.36380000,1688429344817,True,True
18187418,0.26250000,922.10000000,242.05125000,1688429344828,True,True
18187419,0.26250000,3.00000000,0.78750000,1688429344828,True,True
18187420,0.26250000,228.30000000,59.92875000,1688429345630,True,True
18187421,0.26270000,210.00000000,55.16700000,1688429349317,False,True
18187422,0.26270000,32.40000000,8.51148000,1688429349317,False,True
18187423,0.26270000,24.70000000,6.48869000,1688429349322,False,True
18187424,0.26270000,152.30000000,40.00921000,1688429349322,False,True
18187425,0.26270000,49.50000000,13.00365000,1688429349322,False,True
18187426,0.26270000,49.50000000,13.00365000,1688429349322,False,True
18187427,0.26270000,79.90000000,20.98973000,1688429358348,True,True
18187428,0.26260000,1601.20000000,420.47512000,1688429374125,True,True
18187429,0.26250000,57.00000000,14.96250000,1688429374179,True,True
18187430,0.26250000,190.00000000,49.87500000,1688429374179,True,True
18187431,0.26240000,49.00000000,12.85760000,1688429374642,True,True
18187432,0.26240000,49.00000000,12.85760000,1688429374642,True,True
18187433,0.26240000,49.00000000,12.85760000,1688429374642,True,True
18187434,0.26240000,170.00000000,44.60800000,1688429374642,True,True
18187435,0.26240000,49.00000000,12.85760000,1688429382849,True,True
18187436,0.26240000,49.00000000,12.85760000,1688429382849,True,True
18187437,0.26230000,79.10000000,20.74793000,1688429383012,True,True
18187438,0.26220000,57.10000000,14.97162000,1688429398136,True,True
18187439,0.26220000,49.00000000,12.84780000,1688429398136,True,True
18187440,0.26220000,49.00000000,12.84780000,1688429398136,True,True
18187441,0.26210000,170.00000000,44.55700000,1688429398243,True,True
18187442,0.26210000,49.00000000,12.84290000,1688429398243,True,True
18187443,0.26210000,49.00000000,12.84290000,1688429398243,True,True
18187444,0.26210000,179.70000000,47.09937000,1688429398243,True,True
18187445,0.26200000,210.00000000,55.02000000,1688429407221,True,True
18187446,0.26170000,358.20000000,93.74094000,1688429413418,True,True
18187447,0.26170000,57.20000000,14.96924000,1688429413418,True,True
18187448,0.26170000,170.00000000,44.48900000,1688429413418,True,True
18187449,0.26170000,49.00000000,12.82330000,1688429413418,True,True
18187450,0.26170000,49.00000000,12.82330000,1688429413418,True,True
18187451,0.26170000,49.00000000,12.82330000,1688429413418,True,True
18187452,0.26170000,1275.50000000,333.79835000,1688429413418,True,True
18187453,0.26170000,1000.00000000,261.70000000,1688429413418,True,True
18187454,0.26170000,190.00000000,49.72300000,1688429413418,True,True
18187455,0.26160000,356.80000000,93.33888000,1688429413418,True,True
18187456,0.26160000,49.00000000,12.81840000,1688429413418,True,True
18187457,0.26160000,49.00000000,12.81840000,1688429413418,True,True
18187458,0.26160000,192.40000000,50.33184000,1688429413418,True,True
18187459,0.26160000,8000.00000000,2092.80000000,1688429413418,True,True
18187460,0.26160000,210.00000000,54.93600000,1688429413418,True,True
18187461,0.26150000,358.20000000,93.66930000,1688429413418,True,True
18187462,0.26150000,7584.40000000,1983.32060000,1688429413418,True,True
18187463,0.26150000,49.00000000,12.81350000,1688429413418,True,True
18187464,0.26150000,49.00000000,12.81350000,1688429413418,True,True
18187465,0.26140000,610.90000000,159.68926000,1688429413418,True,True
18187466,0.26140000,7582.10000000,1981.96094000,1688429413418,True,True
18187467,0.26130000,258.40000000,67.51992000,1688429413418,True,True
18187468,0.26130000,647.60000000,169.21788000,1688429413418,True,True
18187469,0.26130000,587.70000000,153.56601000,1688429413418,True,True
18187470,0.26130000,196.80000000,51.42384000,1688429413418,True,True
18187471,0.26120000,384.30000000,100.37916000,1688429413418,True,True
18187472,0.26120000,8544.50000000,2231.82340000,1688429413418,True,True
18187473,0.26150000,76.60000000,20.03090000,1688429413609,False,True
18187474,0.26130000,763.00000000,199.37190000,1688429414105,True,True
18187475,0.26130000,57.40000000,14.99862000,1688429414134,True,True
18187476,0.26130000,210.00000000,54.87300000,1688429414985,True,True
18187477,0.26130000,57.30000000,14.97249000,1688429414985,True,True
18187478,0.26120000,520.10000000,135.85012000,1688429415087,True,True
18187479,0.26120000,762.30000000,199.11276000,1688429415089,True,True
18187480,0.26120000,170.00000000,44.40400000,1688429415089,True,True
18187481,0.26120000,183.80000000,48.00856000,1688429416802,False,True
18187482,0.26130000,357.60000000,93.44088000,1688429417082,False,True
18187483,0.26130000,55.90000000,14.60667000,1688429417082,False,True
18187484,0.26150000,280.70000000,73.40305000,1688429417869,False,True
18187485,0.26150000,57.40000000,15.01010000,1688429417869,False,True
18187486,0.26150000,44.00000000,11.50600000,1688429417869,False,True
18187487,0.26150000,290.60000000,75.99190000,1688429418166,False,True
18187488,0.26160000,141.40000000,36.99024000,1688429418716,False,True
18187489,0.26160000,216.20000000,56.55792000,1688429419024,False,True
18187490,0.26160000,104.90000000,27.44184000,1688429419024,False,True
18187491,0.26150000,382.20000000,99.94530000,1688429419746,False,True
18187492,0.26150000,347.90000000,90.97585000,1688429419776,False,True
18187493,0.26150000,282.90000000,73.97835000,1688429419989,False,True
18187494,0.26150000,382.20000000,99.94530000,1688429420468,False,True
18187495,0.26150000,72.00000000,18.82800000,1688429420891,False,True
18187496,0.26150000,1181.40000000,308.93610000,1688429422332,True,True
18187497,0.26140000,190.00000000,49.66600000,1688429431834,False,True
18187498,0.26140000,346.90000000,90.67966000,1688429433035,True,True
18187499,0.26140000,209.50000000,54.76330000,1688429433039,True,True
18187500,0.26140000,100.70000000,26.32298000,1688429433039,True,True
18187501,0.26140000,168.30000000,43.99362000,1688429434463,False,True
18187502,0.26140000,118.50000000,30.97590000,1688429434718,False,True
18187503,0.26140000,191.20000000,49.97968000,1688429435233,False,True
18187504,0.26140000,175.90000000,45.98026000,1688429435279,False,True
18187505,0.26140000,122.40000000,31.99536000,1688429435530,False,True
18187506,0.26140000,126.20000000,32.98868000,1688429435562,False,True
18187507,0.26160000,49.70000000,13.00152000,1688429443475,False,True
18187508,0.26160000,57.30000000,14.98968000,1688429443475,False,True
18187509,0.26160000,297.20000000,77.74752000,1688429443475,False,True
18187510,0.26170000,49.70000000,13.00649000,1688429443616,False,True
18187511,0.26170000,49.70000000,13.00649000,1688429443616,False,True
18187512,0.26170000,49.70000000,13.00649000,1688429443616,False,True
18187513,0.26170000,258.80000000,67.72796000,1688429443616,False,True
18187514,0.26170000,170.00000000,44.48900000,1688429443616,False,True
18187515,0.26190000,190.00000000,49.76100000,1688429445082,False,True
18187516,0.26190000,77.60000000,20.32344000,1688429449688,True,True
18187517,0.26200000,210.00000000,55.02000000,1688429449934,False,True
18187518,0.26200000,561.20000000,147.03440000,1688429449934,False,True
18187519,0.26200000,376.80000000,98.72160000,1688429450904,False,True
18187520,0.26210000,57.30000000,15.01833000,1688429453926,False,True
18187521,0.26210000,49.60000000,13.00016000,1688429453926,False,True
18187522,0.26210000,49.60000000,13.00016000,1688429453926,False,True
18187523,0.26210000,210.00000000,55.04100000,1688429453926,False,True
18187524,0.26220000,57.20000000,14.99784000,1688429457145,False,True
18187525,0.26220000,49.60000000,13.00512000,1688429457151,False,True
18187526,0.26220000,49.60000000,13.00512000,1688429457151,False,True
18187527,0.26220000,57.20000000,14.99784000,1688429457872,False,True
18187528,0.26230000,328.70000000,86.21801000,1688429458440,False,True
18187529,0.26230000,210.00000000,55.08300000,1688429458440,False,True
18187530,0.26240000,49.60000000,13.01504000,1688429458446,False,True
18187531,0.26240000,49.60000000,13.01504000,1688429458446,False,True
18187532,0.26240000,172.10000000,45.15904000,1688429458446,False,True
18187533,0.26240000,49.60000000,13.01504000,1688429458446,False,True
18187534,0.26230000,198.00000000,51.93540000,1688429460158,True,True
18187535,0.26220000,49.00000000,12.84780000,1688429462053,True,True
18187536,0.26210000,49.00000000,12.84290000,1688429462342,True,True
18187537,0.26210000,915.30000000,239.90013000,1688429465916,False,True
18187538,0.26210000,97.00000000,25.42370000,1688429465916,False,True
18187539,0.26210000,190.00000000,49.79900000,1688429465916,False,True
18187540,0.26210000,485.30000000,127.19713000,1688429465916,False,True
18187541,0.26210000,938.00000000,245.84980000,1688429465916,False,True
18187542,0.26210000,938.00000000,245.84980000,1688429465916,False,True
18187543,0.26210000,908.00000000,237.98680000,1688429465916,False,True
18187544,0.26210000,774.00000000,202.86540000,1688429465916,False,True
18187545,0.26210000,909.00000000,238.24890000,1688429465916,False,True
18187546,0.26210000,915.00000000,239.82150000,1688429465916,False,True
18187547,0.26210000,940.00000000,246.37400000,1688429465916,False,True
18187548,0.26210000,940.00000000,246.37400000,1688429465916,False,True
18187549,0.26210000,912.00000000,239.03520000,1688429465916,False,True
18187550,0.26220000,1195.50000000,313.46010000,1688429465916,False,True
18187551,0.26220000,552.90000000,144.97038000,1688429465916,False,True
18187552,0.26230000,572.00000000,150.03560000,1688429465916,False,True
18187553,0.26230000,572.20000000,150.08806000,1688429465916,False,True
18187554,0.26240000,567.60000000,148.93824000,1688429465916,False,True
18187555,0.26250000,75.00000000,19.68750000,1688429465916,False,True
18187556,0.26250000,2318.20000000,608.52750000,1688429465916,False,True
18187557,0.26250000,558.90000000,146.71125000,1688429465916,False,True
18187558,0.26250000,1336.00000000,350.70000000,1688429465916,False,True
18187559,0.26250000,57.20000000,15.01500000,1688429465916,False,True
18187560,0.26250000,49.50000000,12.99375000,1688429465916,False,True
18187561,0.26250000,49.50000000,12.99375000,1688429465916,False,True
18187562,0.26250000,4860.40000000,1275.85500000,1688429465919,True,True
18187563,0.26250000,103.90000000,27.27375000,1688429465919,True,True
18187564,0.26250000,1950.70000000,512.05875000,1688429465920,True,True
18187565,0.26250000,2112.00000000,554.40000000,1688429465921,True,True
18187566,0.26250000,562.70000000,147.70875000,1688429465921,True,True
18187567,0.26250000,562.70000000,147.70875000,1688429465922,True,True
18187568,0.26250000,3396.80000000,891.66000000,1688429465922,True,True
18187569,0.26250000,321.80000000,84.47250000,1688429465923,True,True
18187570,0.26220000,57.20000000,14.99784000,1688429467112,True,True
18187571,0.26230000,909.00000000,238.43070000,1688429470897,False,True
18187572,0.26230000,938.00000000,246.03740000,1688429470897,False,True
18187573,0.26230000,774.00000000,203.02020000,1688429470897,False,True
18187574,0.26230000,908.00000000,238.16840000,1688429470897,False,True
18187575,0.26230000,940.00000000,246.56200000,1688429470897,False,True
18187576,0.26230000,915.00000000,240.00450000,1688429470897,False,True
18187577,0.26230000,912.00000000,239.21760000,1688429470897,False,True
18187578,0.26230000,938.00000000,246.03740000,1688429470897,False,True
18187579,0.26240000,357.70000000,93.86048000,1688429470945,False,True
18187580,0.26240000,938.00000000,246.13120000,1688429475221,False,True
18187581,0.26240000,908.00000000,238.25920000,1688429475221,False,True
18187582,0.26240000,915.00000000,240.09600000,1688429475221,False,True
18187583,0.26240000,909.00000000,238.52160000,1688429475221,False,True
18187584,0.26240000,940.00000000,246.65600000,1688429475221,False,True
18187585,0.26250000,49.50000000,12.99375000,1688429475476,False,True
18187586,0.26240000,78.90000000,20.70336000,1688429484440,True,True
18187587,0.26240000,78.90000000,20.70336000,1688429484975,True,True
18187588,0.26240000,682.80000000,179.16672000,1688429484990,True,True
18187589,0.26220000,78.50000000,20.58270000,1688429487535,True,True
18187590,0.26240000,150.80000000,39.56992000,1688429491935,False,True
18187591,0.26240000,190.00000000,49.85600000,1688429491935,False,True
18187592,0.26230000,190.00000000,49.83700000,1688429502419,False,True
18187593,0.26240000,704.50000000,184.86080000,1688429508160,False,True
18187594,0.26240000,79.70000000,20.91328000,1688429508160,False,True
18187595,0.26240000,858.30000000,225.21792000,1688429508189,False,True
18187596,0.26260000,571.20000000,149.99712000,1688429509214,False,True
18187597,0.26260000,1067.00000000,280.19420000,1688429509214,False,True
18187598,0.26250000,78.50000000,20.60625000,1688429512932,True,True
18187599,0.26220000,49.00000000,12.84780000,1688429530394,True,True
18187600,0.26220000,54.20000000,14.21124000,1688429530394,True,True
18187601,0.26220000,2.90000000,0.76038000,1688429530399,True,True
18187602,0.26220000,49.00000000,12.84780000,1688429530399,True,True
18187603,0.26230000,761.40000000,199.71522000,1688429536427,False,True
18187604,0.26230000,12.60000000,3.30498000,1688429536466,False,True
18187605,0.26230000,908.00000000,238.16840000,1688429536466,False,True
18187606,0.26230000,909.00000000,238.43070000,1688429536466,False,True
18187607,0.26230000,369.30000000,96.86739000,1688429536466,False,True
18187608,0.26230000,542.70000000,142.35021000,1688429536473,False,True
18187609,0.26230000,579.10000000,151.89793000,1688429536473,False,True
18187610,0.26230000,940.00000000,246.56200000,1688429536473,False,True
18187611,0.26230000,915.00000000,240.00450000,1688429536473,False,True
18187612,0.26230000,938.00000000,246.03740000,1688429536473,False,True
18187613,0.26230000,763.00000000,200.13490000,1688429536473,False,True
18187614,0.26230000,766.00000000,200.92180000,1688429536473,False,True
18187615,0.26230000,940.00000000,246.56200000,1688429536473,False,True
18187616,0.26230000,686.40000000,180.04272000,1688429536473,False,True
18187617,0.26230000,88.60000000,23.23978000,1688429536475,False,True
18187618,0.26230000,95.70000000,25.10211000,1688429536475,False,True
18187619,0.26230000,736.30000000,193.13149000,1688429536476,False,True
18187620,0.26240000,797.70000000,209.31648000,1688429536542,False,True
18187621,0.26240000,140.30000000,36.81472000,1688429536652,False,True
18187622,0.26230000,832.00000000,218.23360000,1688429538314,True,True
18187623,0.26230000,57.80000000,15.16094000,1688429538900,True,True
18187624,0.26230000,325.50000000,85.37865000,1688429538900,True,True
18187625,0.26240000,832.00000000,218.31680000,1688429541313,True,True
18187626,0.26250000,57.20000000,15.01500000,1688429541332,False,True
18187627,0.26250000,49.50000000,12.99375000,1688429541332,False,True
18187628,0.26250000,49.50000000,12.99375000,1688429541332,False,True
18187629,0.26240000,684.60000000,179.63904000,1688429551734,False,True
18187630,0.26250000,167.50000000,43.96875000,1688429552542,True,True
18187631,0.26250000,190.50000000,50.00625000,1688429553512,True,True
18187632,0.26250000,50.00000000,13.12500000,1688429566621,False,True
18187633,0.26240000,88.30000000,23.16992000,1688429595784,False,True
18187634,0.26260000,49.50000000,12.99870000,1688429607959,False,True
18187635,0.26260000,49.50000000,12.99870000,1688429607959,False,True
18187636,0.26260000,152.10000000,39.94146000,1688429607959,False,True
18187637,0.26260000,772.20000000,202.77972000,1688429607959,False,True
18187638,0.26260000,341.60000000,89.70416000,1688429607959,False,True
18187639,0.26270000,1000.00000000,262.70000000,1688429609007,False,True
18187640,0.26280000,115.00000000,30.22200000,1688429609007,False,True
18187641,0.26280000,357.70000000,94.00356000,1688429609007,False,True
18187642,0.26280000,210.00000000,55.18800000,1688429609007,False,True
18187643,0.26280000,1152.20000000,302.79816000,1688429609007,False,True
18187644,0.26260000,761.40000000,199.94364000,1688429611874,True,True
18187645,0.26260000,258.90000000,67.98714000,1688429612935,False,True
18187646,0.26260000,782.30000000,205.43198000,1688429622339,True,True
18187647,0.26240000,49.00000000,12.85760000,1688429626528,True,True
18187648,0.26240000,29.40000000,7.71456000,1688429626528,True,True
18187649,0.26240000,78.40000000,20.57216000,1688429627384,True,True
18187650,0.26260000,769.00000000,201.93940000,1688429633012,False,True
18187651,0.26260000,199.80000000,52.46748000,1688429641718,True,True
18187652,0.26260000,599.80000000,157.50748000,1688429643479,True,True
18187653,0.26260000,570.20000000,149.73452000,1688429643479,True,True
18187654,0.26260000,761.10000000,199.86486000,1688429643479,True,True
18187655,0.26260000,761.10000000,199.86486000,1688429643479,True,True
18187656,0.26260000,776.80000000,203.98768000,1688429653914,False,True
18187657,0.26270000,57.10000000,15.00017000,1688429653981,False,True
18187658,0.26270000,49.50000000,13.00365000,1688429653981,False,True
18187659,0.26270000,765.50000000,201.09685000,1688429653981,False,True
18187660,0.26260000,335.70000000,88.15482000,1688429658086,True,True
18187661,0.26260000,10.40000000,2.73104000,1688429658086,True,True
18187662,0.26260000,289.10000000,75.91766000,1688429658239,True,True
18187663,0.26260000,319.60000000,83.92696000,1688429659571,True,True
18187664,0.26280000,57.00000000,14.97960000,1688429672170,False,True
18187665,0.26280000,49.50000000,13.00860000,1688429672170,False,True
18187666,0.26280000,60.70000000,15.95196000,1688429672170,False,True
18187667,0.26280000,129.30000000,33.98004000,1688429672175,False,True
18187668,0.26280000,132.80000000,34.89984000,1688429672175,False,True
18187669,0.26290000,794.50000000,208.87405000,1688429677422,False,True
18187670,0.26290000,393.70000000,103.50373000,1688429677425,False,True
18187671,0.26290000,49.40000000,12.98726000,1688429677425,False,True
18187672,0.26290000,49.40000000,12.98726000,1688429677425,False,True
18187673,0.26290000,190.00000000,49.95100000,1688429677425,False,True
18187674,0.26290000,938.00000000,246.60020000,1688429677425,False,True
18187675,0.26290000,49.40000000,12.98726000,1688429677425,False,True
18187676,0.26290000,97.00000000,25.50130000,1688429677425,False,True
18187677,0.26290000,79.00000000,20.76910000,1688429682428,True,True
18187678,0.26290000,78.40000000,20.61136000,1688429685601,True,True
18187679,0.26300000,153.20000000,40.29160000,1688429685983,False,True
18187680,0.26300000,38.10000000,10.02030000,1688429685983,False,True
18187681,0.26310000,130.40000000,34.30824000,1688429686069,False,True
18187682,0.26310000,57.00000000,14.99670000,1688429687971,False,True
18187683,0.26310000,47.00000000,12.36570000,1688429687971,False,True
18187684,0.26300000,78.90000000,20.75070000,1688429697567,True,True
18187685,0.26300000,79.10000000,20.80330000,1688429697668,True,True
18187686,0.26290000,661.20000000,173.82948000,1688429704013,True,True
18187687,0.26290000,90.40000000,23.76616000,1688429704013,True,True
18187688,0.26290000,90.10000000,23.68729000,1688429704013,True,True
18187689,0.26290000,16.00000000,4.20640000,1688429704013,True,True
18187690,0.26290000,750.90000000,197.41161000,1688429704019,True,True
18187691,0.26290000,1038.40000000,272.99536000,1688429704019,True,True
18187692,0.26290000,190.00000000,49.95100000,1688429704019,True,True
18187693,0.26280000,49.00000000,12.87720000,1688429704042,True,True
18187694,0.26280000,155.80000000,40.94424000,1688429707470,True,True
18187695,0.26290000,233.90000000,61.49231000,1688429709038,True,True
18187696,0.26290000,83.60000000,21.97844000,1688429715892,False,True
18187697,0.26290000,106.40000000,27.97256000,1688429716939,False,True
18187698,0.26290000,67.40000000,17.71946000,1688429716939,False,True
18187699,0.26270000,57.00000000,14.97390000,1688429738533,True,True
18187700,0.26270000,49.00000000,12.87230000,1688429738533,True,True
18187701,0.26270000,49.00000000,12.87230000,1688429738533,True,True
18187702,0.26270000,797.40000000,209.47698000,1688429749072,False,True
18187703,0.26300000,57.10000000,15.01730000,1688429752371,False,True
18187704,0.26300000,49.40000000,12.99220000,1688429752371,False,True
18187705,0.26300000,48.50000000,12.75550000,1688429752371,False,True
18187706,0.26290000,71.80000000,18.87622000,1688429754689,False,True
18187707,0.26300000,75.00000000,19.72500000,1688429759750,False,True
18187708,0.26280000,187.80000000,49.35384000,1688429765620,True,True
18187709,0.26290000,122.60000000,32.23154000,1688429769822,False,True
18187710,0.26290000,63.10000000,16.58899000,1688429777407,True,True
18187711,0.26300000,190.00000000,49.97000000,1688429788264,False,True
18187712,0.26280000,190.00000000,49.93200000,1688429795544,False,True
18187713,0.26290000,86.90000000,22.84601000,1688429795802,False,True
18187714,0.26280000,1000.70000000,262.98396000,1688429797611,True,True
18187715,0.26290000,190.00000000,49.95100000,1688429808313,False,True
18187716,0.26310000,57.00000000,14.99670000,1688429815864,False,True
18187717,0.26310000,49.40000000,12.99714000,1688429815864,False,True
18187718,0.26310000,1288.80000000,339.08328000,1688429816179,True,True
18187719,0.26300000,167.60000000,44.07880000,1688429817483,True,True
18187720,0.26300000,190.00000000,49.97000000,1688429817483,True,True
18187721,0.26300000,271.10000000,71.29930000,1688429817483,True,True
18187722,0.26300000,79.90000000,21.01370000,1688429821437,True,True
18187723,0.26320000,49.40000000,13.00208000,1688429823138,False,True
18187724,0.26320000,716.20000000,188.50384000,1688429823138,False,True
18187725,0.26290000,1322.90000000,347.79041000,1688429829006,True,True
18187726,0.26280000,760.60000000,199.88568000,1688429829006,True,True
18187727,0.26280000,57.00000000,14.97960000,1688429829006,True,True
18187728,0.26280000,49.00000000,12.87720000,1688429829006,True,True
18187729,0.26280000,49.00000000,12.87720000,1688429829006,True,True
18187730,0.26280000,1000.00000000,262.80000000,1688429829006,True,True
18187731,0.26280000,261.50000000,68.72220000,1688429829006,True,True
18187732,0.26280000,79.40000000,20.86632000,1688429830035,True,True
18187733,0.26300000,827.60000000,217.65880000,1688429851486,False,True
18187734,0.26300000,84.70000000,22.27610000,1688429860359,False,True
18187735,0.26300000,746.30000000,196.27690000,1688429862832,False,True
18187736,0.26300000,91.70000000,24.11710000,1688429862837,False,True
18187737,0.26300000,85.50000000,22.48650000,1688429867159,True,True
18187738,0.26310000,49.40000000,12.99714000,1688429870781,False,True
18187739,0.26310000,57.00000000,14.99670000,1688429870781,False,True
18187740,0.26310000,49.40000000,12.99714000,1688429870781,False,True
18187741,0.26310000,123.70000000,32.54547000,1688429870781,False,True
18187742,0.26310000,75.00000000,19.73250000,1688429870781,False,True
18187743,0.26320000,75.00000000,19.74000000,1688429871867,False,True
18187744,0.26320000,79.00000000,20.79280000,1688429875378,True,True
18187745,0.26320000,368.30000000,96.93656000,1688429878038,True,True
18187746,0.26330000,57.00000000,15.00810000,1688429880810,False,True
18187747,0.26330000,49.40000000,13.00702000,1688429880810,False,True
18187748,0.26320000,78.00000000,20.52960000,1688429881811,True,True
18187749,0.26340000,210.00000000,55.31400000,1688429885504,False,True
18187750,0.26340000,49.40000000,13.01196000,1688429885504,False,True
18187751,0.26340000,49.30000000,12.98562000,1688429885504,False,True
18187752,0.26340000,56.90000000,14.98746000,1688429885504,False,True
18187753,0.26340000,49.30000000,12.98562000,1688429885504,False,True
18187754,0.26350000,89.00000000,23.45150000,1688429885561,False,True
18187755,0.26350000,170.00000000,44.79500000,1688429885561,False,True
18187756,0.26350000,49.30000000,12.99055000,1688429885561,False,True
18187757,0.26350000,49.30000000,12.99055000,1688429885561,False,True
18187758,0.26350000,79.10000000,20.84285000,1688429888477,True,True
18187759,0.26350000,222.50000000,58.62875000,1688429889632,True,True
18187760,0.26350000,78.70000000,20.73745000,1688429890802,True,True
18187761,0.26350000,78.80000000,20.76380000,1688429891568,True,True
18187762,0.26350000,78.20000000,20.60570000,1688429891635,True,True
18187763,0.26350000,78.60000000,20.71110000,1688429893207,True,True
18187764,0.26350000,79.60000000,20.97460000,1688429895849,True,True
18187765,0.26350000,678.90000000,178.89015000,1688429896718,True,True
18187766,0.26330000,56.90000000,14.98177000,1688429912508,True,True
18187767,0.26330000,49.00000000,12.90170000,1688429912508,True,True
18187768,0.26330000,16.00000000,4.21280000,1688429912508,True,True
18187769,0.26330000,33.00000000,8.68890000,1688429914022,True,True
18187770,0.26330000,892.50000000,234.99525000,1688429914022,True,True
18187771,0.26320000,56.90000000,14.97608000,1688429914347,True,True
18187772,0.26320000,49.00000000,12.89680000,1688429918755,True,True
18187773,0.26330000,98.70000000,25.98771000,1688429925209,False,True
18187774,0.26320000,208.50000000,54.87720000,1688429926263,False,True
18187775,0.26310000,57.00000000,14.99670000,1688429928330,True,True
18187776,0.26310000,21.00000000,5.52510000,1688429928330,True,True
18187777,0.26310000,49.00000000,12.89190000,1688429931753,True,True
18187778,0.26310000,57.00000000,14.99670000,1688429931753,True,True
18187779,0.26300000,38.60000000,10.15180000,1688429937766,True,True
18187780,0.26300000,49.00000000,12.88700000,1688429940802,True,True
18187781,0.26300000,57.00000000,14.99100000,1688429940802,True,True
18187782,0.26300000,49.00000000,12.88700000,1688429940802,True,True
18187783,0.26290000,49.00000000,12.88210000,1688429941019,True,True
18187784,0.26280000,210.00000000,55.18800000,1688429943590,True,True
18187785,0.26280000,170.00000000,44.67600000,1688429943590,True,True
18187786,0.26280000,57.00000000,14.97960000,1688429943590,True,True
18187787,0.26280000,49.00000000,12.87720000,1688429943590,True,True
18187788,0.26280000,49.00000000,12.87720000,1688429943590,True,True
18187789,0.26280000,49.00000000,12.87720000,1688429943590,True,True
18187790,0.26280000,130.40000000,34.26912000,1688429949581,False,True
18187791,0.26290000,453.60000000,119.25144000,1688429955262,False,True
18187792,0.26300000,57.00000000,14.99100000,1688429959752,False,True
18187793,0.26300000,49.40000000,12.99220000,1688429959752,False,True
18187794,0.26300000,49.40000000,12.99220000,1688429959752,False,True
18187795,0.26270000,57.00000000,14.97390000,1688429974796,True,True
18187796,0.26270000,49.00000000,12.87230000,1688429974796,True,True
18187797,0.26270000,49.00000000,12.87230000,1688429974796,True,True
18187798,0.26260000,210.00000000,55.14600000,1688429975892,True,True
18187799,0.26260000,190.00000000,49.89400000,1688429975892,True,True
18187800,0.26260000,57.00000000,14.96820000,1688429975892,True,True
18187801,0.26260000,49.00000000,12.86740000,1688429981736,True,True
18187802,0.26260000,571.20000000,149.99712000,1688429981736,True,True
18187803,0.26260000,1297.50000000,340.72350000,1688429986986,True,True
18187804,0.26260000,938.00000000,246.31880000,1688429990128,False,True
18187805,0.26260000,909.00000000,238.70340000,1688429990128,False,True
18187806,0.26260000,915.00000000,240.27900000,1688429990128,False,True
18187807,0.26260000,284.40000000,74.68344000,1688429990128,False,True
18187808,0.26260000,730.40000000,191.80304000,1688429990174,False,True
18187809,0.26260000,380.80000000,99.99808000,1688430019194,False,True
18187810,0.26260000,47.30000000,12.42098000,1688430021978,False,True
18187811,0.26260000,761.30000000,199.91738000,1688430024677,True,True
18187812,0.26250000,57.10000000,14.98875000,1688430024946,True,True
18187813,0.26250000,49.00000000,12.86250000,1688430024946,True,True
18187814,0.26250000,48.90000000,12.83625000,1688430024946,True,True
18187815,0.26250000,0.10000000,0.02625000,1688430024950,True,True
18187816,0.26240000,210.00000000,55.10400000,1688430026719,True,True
18187817,0.26240000,57.10000000,14.98304000,1688430026719,True,True
18187818,0.26240000,345.50000000,90.65920000,1688430026719,True,True
18187819,0.26240000,792.90000000,208.05696000,1688430026724,True,True
18187820,0.26240000,57.10000000,14.98304000,1688430028467,True,True
18187821,0.26240000,49.00000000,12.85760000,1688430028467,True,True
18187822,0.26230000,49.00000000,12.85270000,1688430028624,True,True
18187823,0.26230000,49.00000000,12.85270000,1688430028624,True,True
18187824,0.26230000,194.40000000,50.99112000,1688430049036,False,True
18187825,0.26230000,167.70000000,43.98771000,1688430049276,False,True
18187826,0.26230000,144.80000000,37.98104000,1688430049641,False,True
18187827,0.26230000,141.00000000,36.98430000,1688430050542,False,True
18187828,0.26230000,198.20000000,51.98786000,1688430050926,False,True
18187829,0.26230000,114.30000000,29.98089000,1688430051519,False,True
18187830,0.26230000,121.90000000,31.97437000,1688430052280,False,True
18187831,0.26230000,191.00000000,50.09930000,1688430052287,False,True
18187832,0.26250000,355.50000000,93.31875000,1688430062242,False,True
18187833,0.26250000,49.90000000,13.09875000,1688430067038,True,True
18187834,0.26260000,49.50000000,12.99870000,1688430067497,False,True
18187835,0.26260000,766.30000000,201.23038000,1688430067497,False,True
18187836,0.26270000,57.10000000,15.00017000,1688430070482,False,True
18187837,0.26270000,49.50000000,13.00365000,1688430070482,False,True
18187838,0.26280000,170.00000000,44.67600000,1688430071290,False,True
18187839,0.26280000,49.50000000,13.00860000,1688430071290,False,True
18187840,0.26280000,49.50000000,13.00860000,1688430071290,False,True
18187841,0.26280000,49.50000000,13.00860000,1688430071290,False,True
18187842,0.26280000,57.00000000,14.97960000,1688430071290,False,True
18187843,0.26280000,500.00000000,131.40000000,1688430076330,True,True
18187844,0.26280000,767.90000000,201.80412000,1688430083937,False,True
18187845,0.26270000,81.60000000,21.43632000,1688430091753,False,True
18187846,0.26260000,57.00000000,14.96820000,1688430092271,True,True
18187847,0.26260000,49.00000000,12.86740000,1688430092271,True,True
18187848,0.26260000,49.00000000,12.86740000,1688430092271,True,True
18187849,0.26260000,761.30000000,199.91738000,1688430092271,True,True
18187850,0.26250000,724.50000000,190.18125000,1688430103012,True,True
18187851,0.26250000,761.40000000,199.86750000,1688430103012,True,True
18187852,0.26250000,57.10000000,14.98875000,1688430103012,True,True
18187853,0.26250000,49.00000000,12.86250000,1688430103012,True,True
18187854,0.26250000,49.00000000,12.86250000,1688430103012,True,True
18187855,0.26250000,49.00000000,12.86250000,1688430103012,True,True
18187856,0.26240000,170.00000000,44.60800000,1688430103027,True,True
18187857,0.26240000,49.00000000,12.85760000,1688430103027,True,True
18187858,0.26240000,49.00000000,12.85760000,1688430103027,True,True
18187859,0.26240000,49.00000000,12.85760000,1688430103027,True,True
18187860,0.26240000,132.20000000,34.68928000,1688430103098,False,True
18187861,0.26220000,49.90000000,13.08378000,1688430113505,True,True
18187862,0.26220000,39.10000000,10.25202000,1688430119666,True,True
18187863,0.26220000,1013.60000000,265.76592000,1688430119666,True,True
18187864,0.26220000,190.00000000,49.81800000,1688430119666,True,True
